2806 4866
667 325 731 398 132

121 515 218 586 atqua
247 505 280 568 in
310 501 421 565 Sinide
443 502 493 561 vl.
523 516 554 575 p.
580 497 655 582 lla)
688 506 719 560 et
751 497 833 572 apud
865 503 939 557 vett.
971 497 1072 572 intpp.
1096 497 1183 575 Virg.
1203 501 1265 557 Aen.

121 610 260 672 vllooo
287 604 388 689 (Vatg.
412 623 441 680 p.
459 601 533 686 353)
562 617 668 663 verum
693 607 758 670 est,
783 599 868 674 quod
891 599 922 659 in
948 599 1021 674 ipso
1046 599 1159 660 codice
1182 606 1265 659 extat:

121 713 245 775 Nicae
268 710 305 770 ct.
320 707 407 768 Gust.
420 705 524 766 Wolff.
549 706 645 766 Rhen.
666 703 744 764 llus.
758 702 869 762 illita
894 707 926 762 et
949 702 1141 764 Buecheler.
1166 720 1194 778 p.
1207 704 1264 766 dit.

623 940 783 1037 lxvlll.

210 1119 334 1184 Horatii
357 1118 378 1179 l.
405 1118 454 1187 lo,
478 1118 514 1178 i:

635 1235 713 1277 non
737 1222 855 1282 acuta

360 1321 406 1384 stc
427 1321 635 1398 geminant
658 1320 909 1395 Corybantes
933 1335 1031 1381 aera

126 1427 315 1491 sententiam
339 1440 413 1485 esse
436 1424 601 1484 docuimus
624 1422 724 1499 Epist.
749 1423 826 1486 Crit.
847 1411 878 1498 p.
893 1421 1060 1482 lll-lllll
1084 1424 1179 1484 hanc:
1211 1423 1258 1482 Non

106 1537 213 1618 'tanto
235 1535 289 1590 out
313 1528 432 1604 Cybele
455 1532 509 1588 aut
534 1526 650 1602 Apollo
680 1532 733 1586 aut
756 1526 900 1587 Bacchus
930 1526 1117 1586 sacerdotes
1140 1545 1210 1586 snos
1229 1520 1259 1585 ii-

126 1635 224 1697 citant
247 1631 384 1707 impetu,
414 1646 476 1694 non
500 1633 617 1688 tantam
640 1628 838 1689 audientium
861 1617 1022 1689 mentibus
1039 1622 1111 1690 'vim
1134 1629 1260 1689 adhibent
1301 1611 1304 1625 ⁴

130 1737 325 1813 Corybantes
350 1746 426 1792 aera
448 1730 664 1816 geminantes,
688 1735 804 1806 quanta
827 1731 895 1790 irae
917 1732 1100 1794 tristitia
1123 1734 1191 1792 sive
1211 1732 1259 1791 irri-

33 1889 36 1894 .
126 1839 248 1901 tatione
283 1831 398 1917 (Epist.
431 1832 506 1893 Crit.
539 1851 567 1908 p.
589 1832 652 1892 llll.
682 1832 771 1892 Anat.
803 1832 963 1908 P1·op.Vl.
996 1850 1026 1907 p.
1051 1833 1105 1917 41)
1143 1834 1260 1895 afficiunt

126 1941 288 2003 hominem
310 1934 363 2019 (ci.
376 1935 522 1996 Arrhian.
546 1953 596 2010 ap.
620 1935 762 1995 Eustath.
784 1936 917 2011 Dionys.
938 1936 1062 2014 Perieg.
1081 1938 1141 1999 809
1166 1939 1260 2013 pam,

129 2047 183 2108 lt:
212 2044 382 2126 μαίνονται
404 2039 441 2128 τῇ
457 2029 531 2122 Ῥέᾳ
553 2039 607 2099 καὶ
629 2033 712 2119 πρὸς
733 2033 950 2122 Κορυβάντων
979 2041 1175 2122 κατέχονται.
1215 2040 1259 2100 Dio

126 2149 235 2223 Chrys.
258 2142 376 2205 llllllll.
407 2157 436 2216 p.
452 2140 531 2208 682,
560 2140 616 2198 24:
655 2137 689 2201 ἐκ
719 2135 933 2222 Κορυβάντων
976 2145 1070 2205 τινῶν
1101 2144 1260 2225 κατέχεσθε.

125 2249 226 2325 Epist.
239 2245 290 2305 vl.
307 2243 424 2306 Anecd.
442 2242 496 2302 Ox.
520 2257 549 2314 p.
568 2242 637 2311 tol,
657 2243 713 2301 24:
732 2239 951 2324 Κορυβάντων
974 2240 1012 2306 ἂν
1034 2239 1261 2327 ένοπλὴοβρμω.

127 2351 237 2428 Syna&
260 2347 301 2406 de
322 2344 447 2407 Provid.
471 2362 500 2421 p.
517 2344 588 2403 llo.
628 2346 670 2404 A:
700 2340 720 2405 ά
749 2366 781 2406 τέ
809 2344 984 2428 στρατηγὸς
1011 2344 1133 2432 νάκτωρ
1157 2345 1262 2428 ἔδειμα-

126 2455 221 2517 τοῦτο
250 2442 479 2531 Κορυβάντων,
508 2436 616 2528 οἶμαι,
644 2443 909 2527 προςβαλλάντων
936 2444 1032 2536 crispi)
1061 2453 1112 2511 vel
1138 2453 1165 2512 si
1188 2454 1261 2525 dory-

127 2559 238 2618 bantas
260 2553 399 2613 furorem
423 2541 564 2626 experiri
586 2550 651 2624 ipsi
673 2551 790 2627 magis,
826 2569 917 2627 quarn
941 2555 1015 2616 aliis
1038 2555 1174 2627 injicere
1196 2554 1261 2614 vide-

128 2664 235 2718 antur:
265 2672 327 2715 non
350 2658 413 2711 tam
436 2649 583 2709 tristes
614 2651 646 2710 id
676 2659 725 2712 est
747 2654 862 2716 furiosi
884 2658 962 2720 fiunt
984 2649 1197 2735 Corybantes,
1222 2652 1262 2715 ubi

127 2774 203 2821 aera
225 2755 403 2834 geminant,
427 2768 517 2828 quarn
542 2751 651 2812 tristes
665 2762 736 2814 sunt
758 2757 829 2818 irati
845 2760 1018 2820 bornines“
1043 2761 1130 2831 sive,
1155 2761 1186 2821 id
1198 2755 1262 2835 quod

129 2875 189 2937 per
221 2853 467 2919 Boissonadium
497 2854 582 2915 Plan.
613 2855 684 2916 Met.
716 2876 746 2933 p.
772 2861 831 2921 366
866 2869 897 2923 οι
926 2862 1026 2927 Psell.
1052 2883 1082 2940 p.
1105 2865 1166 2925 292
1195 2863 1262 2924 licat.

129 2963 214 3023 tras
237 2956 345 3043 (deas)
375 2965 408 3018 et
430 2959 493 3018 iras
517 2954 701 3040 (humanas)
724 2963 824 3023 mavis
855 2966 885 3024 in
912 2966 1024 3025 eodem
1047 2967 1120 3026 loco
1147 2977 1261 3042 ponere:

131 3080 224 3141 qnam
251 3063 363 3123 tristes
392 3067 463 3121 sunt
486 3061 606 3133 lraef‘
656 3062 703 3122 Ut
720 3064 830 3125 borum
854 3082 1002 3127 versuum
1025 3069 1261 3145 descriptione

128 3167 171 3227 sit
192 3165 316 3226 ratione
340 3162 536 3239 designanda
560 3169 591 3222 et
615 3164 830 3229 conficienda:
853 3185 915 3230 non
932 3171 1026 3231 Liber
1048 3186 1196 3248 aeque,
1217 3184 1260 3229 nor

128 3273 220 3328 acuta
236 3265 290 3327 Sic
312 3264 473 3342 geminant
491 3266 686 3342 Corybantes
710 3284 801 3340 aera,
826 3273 945 3332 Tristes
967 3280 1007 3333 ut
1030 3275 1108 3334 lrae.
1133 3309 1177 3320 -
1195 3274 1260 3333 irre

128 3370 289 3444 Thyesten
312 3365 413 3430 exitio
437 3384 551 3445 graves
571 3370 747 3447 Stravere“
772 3374 1079 3437 ctnmnrianlllarc.
1095 3371 1259 3443 xvll.11‚1

130 3468 238 3554 (quarn
260 3472 364 3531 locum
386 3486 487 3548 nuper·
501 3472 605 3548 Progr.
630 3473 667 3532 ad
693 3474 723 3535 C.
740 3475 825 3536 Horn
848 3479 912 3554 pt
936 3469 1206 3564 emendavimus):
1226 3475 1260 3538 his

128 3575 336 3653 congruentia
365 3575 499 3651 plurima
534 3591 665 3652 aeque
700 3584 742 3638 ut
776 3581 985 3643 tintinnabula
1020 3581 1160 3661 principi
1196 3598 1259 3644 reso·

130 3682 275 3739 nantes.“
305 3676 402 3738 Hand.
417 3678 547 3738 Turseli.
564 3679 585 3737 Ι.
611 3697 641 3754 p.
659 3681 717 3740 tna
733 3699 779 3758 sq.
806 3682 901 3759 Seyff.
918 3685 982 3744 Cic.
999 3687 1089 3746 Tusc.
1106 3687 1157 3747 lll.
1177 3690 1223 3757 25,
1235 3684 1259 3744 o

128 3797 159 3855 p.
174 3772 212 3841 dl
237 3779 306 3842 add.
330 3779 405 3841 Stat.
429 3781 699 3844 inablutos:
734 3800 815 3860 quae
843 3793 998 3848 tantum
1021 3790 1152 3874 carbasa
1175 3795 1259 3867 ponto,
1302 3853 1304 3858 ,

129 3882 216 3954 Quae
244 3883 330 3944 bello
360 3883 420 3943 sio
452 3885 516 3944 tela
543 3882 729 3970 volant?“).
780 3888 972 3965 Quamquam
1002 3893 1144 3968 priorem
1175 3892 1259 3970 pot-ius
1302 3958 1304 3963 ι

129 3985 310 4059 explicandi
333 3985 488 4046 rationem
510 3984 638 4056 adjuvat
660 3988 782 4051 Seneca
804 3988 844 4051 de
867 3994 915 4054 lra
937 3994 958 4053 l.
978 3996 1013 4054 2:
1037 3997 1169 4073 adspice
1192 3993 1258 4058 nobi·
1302 4007 1304 4075 ᾗ

128 4084 318 4158 lissimamm
342 4085 505 4147 civitatum
527 4085 728 4150 fundamenta
750 4093 804 4153 vix
827 4098 998 4158 notabilia:
1030 4098 1112 4158 haec
1135 4099 1193 4159 ira
1214 4097 1258 4157 de·
1303 4091 1304 4099 ’

126 4186 237 4258 jecit.
253 4221 295 4234 -
316 4188 456 4266 Adspice
479 4197 526 4251 tot
548 4191 721 4254 memoriae
745 4197 889 4271 proditos
913 4201 1010 4261 duces
1034 4202 1111 4262 mali
1135 4198 1258 4276 exempla

129 4287 201 4348 tati:
232 4292 327 4352 aliurn
358 4295 417 4355 ira
441 4295 478 4356 'in
507 4294 603 4359 cubili
634 4313 691 4356 suo
723 4299 926 4375 confodit,
957 4305 1054 4365 aliurn
1086 4306 1169 4365 inter
1191 4316 1258 4364 sacra
