2806 4866
653 304 736 377 aaa

123 478 220 548 locis,
244 495 324 555 quos
349 477 381 539 in
404 476 544 538 medium
566 477 729 540 attulimus
751 478 841 557 Valg.
855 495 886 554 p.
902 480 1046 555 totae..
1070 478 1247 554 quibustocis
1282 523 1294 547 .,

119 578 182 651 jam
206 580 324 641 addere
347 580 424 642 iicet
446 580 592 643 Ovidium
616 581 697 641 Fast.
715 580 765 640 lii.
780 583 857 642 tus:
892 581 1076 657 quicunque
1098 582 1181 642 nefas
1199 583 1248 642 ansi
1280 612 1294 649 ,-

121 683 367 759 probibente
404 682 570 742 deorum
603 682 771 743 Numine
805 684 987 758 polluerant
1016 683 1194 744 Pontifioale
1216 701 1249 744 ca·
1280 714 1294 751 2

122 791 211 859 putu
234 784 378 846 Prudent.
392 784 615 847 Hamart.'tll:
640 783 729 854 Quod
754 784 1003 861 prohibente
1026 785 1102 845 deo
1122 786 1248 862 persuasit
1278 816 1294 853 2

121 889 254 950 callidus
277 888 423 964 anguis.“
458 887 552 948 Grou.
583 887 658 963 Syll.
682 886 834 963 Epistil.
858 905 888 964 p.
906 890 976 949 5⁵4.
1007 889 1046 949 ct.
1070 888 1127 950 Sil.
1149 887 1180 948 11.
1200 890 1249 948 tit.
1278 916 1294 955 ε

121 991 186 1053 Ncc
214 990 254 1050 de
285 988 429 1050 versibus
460 1007 488 1047 u.
505 989 542 1050 21
561 1005 648 1064 sqq..
684 1005 764 1063 quos
794 988 949 1065 Hauptius
984 1006 1115 1066 quoque
1149 990 1249 1052 Horatio
1276 1012 1294 1057 g

121 1092 207 1154 demi
227 1091 339 1163 jussit,
362 1091 410 1151 sio
434 1091 613 1166 quaesitum
635 1097 702 1160 est,
725 1097 759 1151 ut
783 1090 885 1160 idem,
909 1092 994 1167 quod
1018 1093 1104 1168 apud
1127 1091 1248 1153 Senecam
1274 1120 1294 1159 ε

122 1195 227 1255 Octav.
253 1192 310 1253 881
345 1191 477 1268 legitur:
514 1192 596 1253 civis
619 1191 736 1271 gaudet
759 1193 857 1253 Roma
880 1204 1033 1264 cruore“,
1067 1194 1294 1259 abductio?

25 1300 28 1309 ’
121 1297 235 1366 cives
258 1286 424 1355 'acuisse
445 1295 623 1355 terrum“
653 1310 691 1355 ea
713 1295 872 1356 brevitate
900 1296 1020 1357 dictum
1052 1312 1127 1357 asse
1149 1297 1247 1356 demon·
1272 1327 1294 1362 ‚r

122 1403 292 1466 stauretur,
327 1413 389 1472 qua
410 1413 501 1456 usum
525 1397 670 1457 videmus
693 1395 825 1457 Statium
849 1383 1009 1458 Thele.
1030 1401 1087 1460 tta:
1110 1400 1294 1465 fratruae,

122 1497 360 1577 stringendi
382 1497 525 1558 cominus
548 1507 698 1557 cnses“
723 1505 755 1559 et
778 1497 798 1558 1.
826 1500 902 1561 tal:
935 1501 1018 1561 nuda
1041 1507 1183 1575 potestas
1203 1503 1272 1567 diff

122 1600 247 1663 mavit
266 1600 280 1660 i
286 1606 434 1661 ratres:
451 1614 558 1677 pugna
569 1606 619 1659 est
631 1599 671 1659 de
685 1616 826 1677 paupere
839 1612 972 1680 regno.“
994 1601 1149 1664 Senecam
1163 1603 1249 1666 Phaon.
1270 1632 1294 1669 ς

123 1707 200 1766 340:
235 1703 350 1781 Agite,
380 1720 399 1763 o
421 1717 563 1779 propago
588 1702 673 1763 clara
683 1684 699 1772 ,¹
714 1734 755 1745 -
776 1704 799 1763 F
808 1711 896 1765 erte
919 1715 1052 1766 arma“
1075 1706 1113 1766 ci.
1138 1701 1249 1766 Manitt
1280 1734 1294 1771 :4

83 1871 85 1876 ,
122 1808 199 1869 912:
234 1806 470 1882 Imperiumque
499 1805 567 1865 suis
590 1803 734 1871 conflixit
755 1805 1045 1888 viribusdpsum‘t
1075 1808 1173 1877 alios,
1195 1823 1240 1882 quo
1272 1867 1289 1873 ,

121 1909 226 1972 attulit
249 1907 304 1985 qui
327 1909 390 1970 ista
412 1909 443 1969 L.
459 1907 619 1968 Muelleri:
644 1889 1000 1972 cecidisse·'terro“.
1015 1917 1048 1972 et
1071 1911 1190 1987 Jeepii:
1211 1925 1251 1969 ra-

124 2013 270 2089 puisse
285 2011 429 2071 ferrum“
450 2016 626 2071 commenta
639 2010 780 2088 graviter
792 2009 856 2081 jam
870 2012 1061 2083 confutavit,
1080 2014 1253 2074 Ducutrems

120 2115 231 2175 Anuai.
261 2113 339 2173 Nov.
363 2112 476 2172 Philol.
510 2113 590 2173 1870
622 2131 651 2189 p.
667 2113 728 2173 85⁴
749 2129 796 2188 sq.
849 2113 925 2175 Eam
954 2120 1061 2176 autem
1092 2115 1252 2175 brevitatem

121 2215 257 2276 maxime
286 2213 485 2290 probabilem
513 2209 632 2275 idoiunt
661 2215 749 2291 ipsa,
786 2231 869 2291 quae
904 2217 976 2278 loco
1014 2218 1161 2293 proxima
1193 2220 1255 2282 sunt,

121 2319 233 2378 verba:
270 2332 332 2392 quo
363 2331 478 2393 graves
512 2316 660 2377 Persae
694 2317 842 2378 melius
876 2319 1060 2394 perirent“,
1095 2319 1136 2379 de
1165 2319 1255 2395 quibu
1272 2370 1294 2407 r-

122 2437 218 2496 supra
238 2419 290 2480 XL
319 2420 404 2496 p.'12
435 2417 582 2480 diximus.
634 2418 722 2491 Quid.
743 2419 805 2492 jam
837 2421 971 2482 referam
1000 2420 1125 2482 Horatii
1154 2433 1254 2482 canum

122 2522 254 2601 egregia
276 2538 351 2582 cura
373 2519 421 2581 sic
443 2519 637 2596 expolitum,
660 2529 695 2582 ut
717 2523 856 2598 deruptis
876 2521 1022 2584 versibus
1049 2525 1172 2584 rt-tt
1193 2524 1255 2582 haec

72 2664 74 2668 .
121 2624 394 2684 continuarentur:
437 2622 488 2681 ire
517 2620 676 2693 dejectum
716 2631 918 2686 monumenta
956 2623 1043 2701 regis
1086 2625 1257 2700 Templaqur

122 2730 244 2785 casta.
294 2722 394 2795 Quem
423 2728 519 2784 vocet
548 2724 655 2784 divum
686 2727 825 2802 populus
860 2727 982 2787 ruentis
1013 2726 1131 2801 Imperi
1160 2717 1257 2787 rebusi

121 2840 217 2902 prece
239 2843 302 2902 qua
323 2825 458 2902 fatigent
480 2824 630 2902 Virgines
654 2834 782 2888 sanotae
804 2828 908 2891 minus
932 2827 1115 2889 audientem
1136 2827 1245 2888 Carmin

121 2925 338 2991 Vestami“
389 2927 543 2989 Nimirum
572 2930 653 2990 adeo
684 2931 853 2992 consilium
875 2930 1122 3007 praecipitatum
1146 2937 1209 2999 est,
1237 2928 1257 2984 ut

102 3048 162 3094 ‘ne
191 3034 253 3093 hoc
285 3029 431 3107 quidem,
460 3030 544 3106 quod
575 3031 682 3091 Ovidii
704 3031 785 3092 rost.
809 3032 859 3092 111.
881 3032 959 3093 098:
993 3048 1012 3092 a
1035 3033 1134 3092 castis
1157 3032 1258 3091 Vesta

120 3137 253 3211 loquuta
279 3133 392 3193 iocis‘t
424 3133 507 3193 liber
522 3132 687 3194 ‘tunianus
716 3135 864 3209 praebet:
905 3134 1024 3202 Diva,
1063 3135 1292 3220 succurramup

121 3237 315 3312 Templaque
353 3233 504 3295 Vestae
534 3269 575 3279 -
605 3235 752 3312 Virgines
790 3243 919 3296 sauctae
956 3235 1060 3295 minus
1098 3235 1284 3302 audientem.

121 3341 266 3402 Carmina
287 3340 460 3401 Divarn.“
1282 3415 1294 3423 „

204 3442 367 3504 Postremo
391 3443 475 3518 quod
497 3442 537 3502 de
561 3455 657 3502 versu
681 3443 716 3502 31
743 3442 841 3501 multa
863 3458 973 3517 parum
988 3451 1151 3504 'accurato
1174 3437 1257 3500 studio
1283 3483 1294 3519 ,

121 3550 356 3620 argumentatus
386 3561 416 3619 p.
440 3543 551 3605 XXXII
580 3543 733 3603 Lebrsius
763 3542 896 3619 protulit
926 3549 1153 3604 commentum:
1190 3542 1258 3602 tuce
1292 3587 1294 3590 .

15 3628 17 3636 Α
121 3644 286 3705 candentis
313 3659 441 3704 umeros
470 3644 643 3714 amictus“‚
680 3632 844 3706 confutare
873 3660 1147 3722 supervacaneum
1175 3644 1258 3704 habeo

121 3745 309 3822 praesertim
345 3746 430 3805 nulla
465 3751 519 3806 aut
547 3744 596 3806 rei
624 3751 677 3806 aut
706 3748 877 3808 verborum
913 3747 1104 3823 probatione
1138 3744 1259 3818 abipso

121 3847 380 3910 commendatum.
432 3846 498 3908 Nec
524 3847 589 3920 jam
618 3849 659 3909 de
688 3848 810 3910 Bartbii
842 3849 1004 3910 claudian.
1036 3850 1071 3909 R.
1094 3849 1181 3910 Pros.
1201 3842 1259 3906 tu

120 3969 151 4028 p.
175 3951 237 4013 882
266 3947 441 4009 sententia:
477 3950 596 4024 „ipsos
629 3954 728 4013 bonos
762 3952 842 4013 deos
877 3950 1066 4013 candidis
1107 3949 1259 4012 nubibus

120 4053 253 4115 amietos
276 4050 527 4113 introducebant.
572 4051 737 4112 Horatius:
769 4054 859 4115 Nube
889 4052 1102 4114 caudenteis
1132 4054 1259 4113 humeros

120 4157 252 4216 amiotus
277 4157 384 4232 Augur
408 4155 525 4229 Apollo
537 4162 556 4188 ‘⁶
580 4154 720 4215 eistat.
744 4155 884 4228 Coniect.
897 4156 963 4215 XV.
987 4174 1017 4231 p.
1034 4155 1097 4215 222
1121 4150 1259 4222 catejas.

120 4257 196 4332 quia
231 4256 377 4332 uguris
407 4255 596 4334 cognomine
624 4254 800 4332 Sibyllinos
830 4259 929 4318 libros
952 4256 1137 4334 rsignificari
1167 4251 1259 4314 votuit.
