2828 4866
668 354 725 422 111

138 542 232 586 versu:
257 523 363 587 πολλὰ
386 526 499 587 θεοῖσι
521 525 618 605 φίλας
638 516 697 585 aiod
721 530 831 605 χεῖρας
851 519 976 605 ἔχοντες
989 520 1150 605 Εὕχονται
1173 541 1282 587 secum

133 629 228 705 ipsum
252 616 396 706 pugnare
419 626 452 687 in
473 627 606 704 Langia.
624 624 706 686 lito
729 644 759 702 p.
776 627 838 686 216
863 632 896 685 et
917 625 986 686 X.l
1013 645 1041 702 p.
1059 628 1120 689 295
1143 629 1281 689 animad-

131 738 264 793 verterat
293 735 327 791 et
355 747 448 806 quarn
477 729 518 790 de
546 729 648 790 Ennio
679 733 757 792 Αιιιι.
774 731 857 791 1.·59
887 730 989 806 p.10:
1019 731 1142 792 multa
1172 749 1281 793 manus

128 834 161 895 ad
190 833 280 894 coeli
308 834 436 894 caerula
463 834 583 908 templa
605 832 784 893 Tendebam
817 833 992 895 lacrumans
1001 841 1020 867 “
1049 847 1119 892 oum
1147 834 1281 895 Davisio

126 937 219 997 babet
240 936 439 996 Burmannus
463 934 545 996 Grat.
560 936 635 1010 Cyn.
653 934 714 995 193
738 953 769 1011 p.
784 936 864 1004 299,
888 935 1138 995 controversiam
1158 942 1193 995 ut
1215 952 1281 996 oer-

124 1038 248 1100 tissimo
272 1039 319 1099 ita
333 1037 431 1098 tacito
444 1035 566 1108 judicio
581 1038 754 1097 sustulerat
769 1042 819 1106 et,
842 1043 877 1096 ut
892 1037 993 1096 semel
1006 1037 1125 1108 finiam,
1149 1039 1282 1115 egregie

124 1147 211 1202 norat
240 1140 324 1201 nihil
342 1138 466 1203 Horatii
489 1138 562 1199 istis
593 1139 715 1200 verbis:
739 1140 861 1200 multa
891 1139 1058 1216 fulges“
1084 1139 1203 1201 distare
1227 1135 1290 1201 aut'

123 1243 268 1304 Nonnum
279 1240 370 1302 lel.
392 1242 468 1303 211:
493 1242 558 1302 Καὶ
575 1235 674 1316 uelde
691 1239 737 1314 οἷς
752 1237 860 1322 χθόνα
879 1247 993 1303 πῖπτεν
1013 1241 1051 1302 cl.
1064 1242 1153 1320 Valgi
1173 1262 1202 1320 p.
1219 1245 1280 1305 eto

124 1351 174 1406 aul
198 1345 426 1406 Callimachum
447 1344 538 1407 Dian.
552 1345 641 1404 tel:
670 1344 764 1425 μέλοι
787 1343 823 1407 δέ
840 1366 901 1421 μοι
922 1340 993 1406 αἰὲν
1015 1337 1125 1426 doadi,
1163 1348 1213 1439 Τῇ
1233 1343 1282 1411 fri

123 1449 180 1529 μὲν
193 1447 324 1522 Λητοῦς
334 1441 437 1528 γάμος
457 1442 597 1526 ἔσσεται,
619 1442 653 1508 ἓν
666 1447 702 1509 δὲ
715 1441 755 1509 σύ
769 1443 914 1524 πολλὴ,
935 1439 984 1508 Ἐν
997 1447 1033 1509 δὲ
1052 1451 1105 1510 καὶ
1118 1444 1284 1514 Ἀπόλλων

125 1533 336 1624 Ovidiumque
360 1550 427 1609 Am.
442 1548 463 1608 l.
485 1551 533 1620 15,
558 1549 613 1610 38:
636 1567 656 1610 a
678 1548 820 1611 sollicito
842 1550 990 1610 multus
1013 1557 1137 1612 amante
1159 1553 1283 1630 legar.“

124 1652 211 1730 Valg.
235 1653 256 1711 l.
271 1651 301 1711 d.
325 1652 358 1711 ln
381 1656 468 1712 tanta
491 1649 589 1727 igitur
610 1667 715 1711 rerum
730 1644 919 1713 difficultate
939 1652 1014 1726 quid
1028 1651 1092 1724 jam
1103 1653 1280 1717 Lebrsiusf

124 1755 277 1817 Nimirum
301 1754 352 1814 vir
375 1753 601 1831 sagacissimus
626 1770 721 1829 quum
745 1753 883 1814 omnium
904 1754 1041 1814 maxime
1061 1755 1195 1834 egregie
1208 1758 1281 1836 ipso

125 1855 219 1918 animi
243 1871 341 1916 sensu
363 1855 541 1932 percipiat,
566 1855 643 1930 quid
658 1854 821 1915 Horatium
837 1854 966 1924 deceat,
990 1856 1067 1932 quid
1080 1876 1143 1919 non
1157 1859 1281 1930 doceat,

125 1958 211 2023 tenui
234 1958 411 2018 litterarum
435 1957 673 2034 significatione
704 1975 733 2033 p.
758 1955 893 2017 CXXXII
918 1972 1029 2017 versus
1052 1965 1084 2018 el
1107 1962 1224 2023 9-12
1250 1968 1282 2020 et

127 2061 262 2123 tlt-,36
290 2059 382 2131 jubet
410 2059 568 2136 proscribi
602 2065 637 2119 ut
674 2057 783 2134 inepte
824 2058 1010 2135 insulseque
1038 2061 1155 2133 laetos,
1192 2063 1282 2140 ipsos

128 2161 197 2224 illos
222 2166 240 2224 l
265 2166 339 2224 old
378 2163 419 2222 de
457 2162 618 2223 sententia
645 2161 785 2233 Bentleii
824 2161 1105 2241 Peerlkampiique
1144 2166 1282 2245 scriptos

129 2266 252 2327 omnino
275 2265 390 2342 dignos
412 2265 543 2326 Horatio
568 2266 672 2326 habet.
711 2265 811 2325 Vides
834 2265 867 2324 in
890 2281 983 2339 quam
1006 2267 1192 2342 impeditam
1214 2287 1281 2331 rem

131 2385 219 2444 quam
238 2382 347 2429 aorem
364 2368 451 2428 docti
474 2368 620 2428 homines
638 2366 832 2427 intenderint
847 2367 1145 2429 considerationem.
1180 2370 1283 2440 Quare

130 2472 215 2532 nobis
244 2470 327 2546 ipsis
353 2454 490 2542 justiore
525 2486 600 2529 cura
628 2469 791 2546 negotium
831 2469 911 2529 illud
938 2471 1196 2546 prosequendum
1224 2478 1283 2533 est.
1325 2479 1329 2489 “

132 2572 276 2634 llidemur
298 2577 403 2633 autem
425 2573 487 2632 hoo
510 2591 567 2650 pro
591 2579 753 2648 comperto
777 2570 890 2632 afferre
913 2572 1046 2634 eandem
1059 2573 1143 2634 huno
1157 2590 1283 2636 versum

80 2722 82 2727 .
131 2676 262 2737 traxisse
273 2675 395 2743 labem,
418 2691 480 2750 qua
494 2674 626 2736 affectos
641 2675 764 2751 aliquot
780 2675 868 2735 locos
884 2692 980 2752 supra
997 2671 1040 2758 (v.
1057 2676 1069 2735 l
1092 2695 1122 2754 p.
1135 2675 1170 2762 2)
1185 2693 1283 2755 expo-

131 2775 264 2839 linimus.
288 2777 365 2837 Nam
382 2777 411 2836 si
425 2778 584 2838 multam
606 2778 758 2838 hederam
780 2778 922 2854 pullae
938 2778 990 2856 (de
1005 2778 1095 2850 eujus
1107 2798 1167 2840 usu
1181 2781 1283 2843 disse-

131 2879 413 2940 memntBodaeus
436 2880 645 2956 Theophrast.
670 2877 749 2939 Hist.
772 2879 815 2938 Pl.
833 2878 881 2938 lV.
907 2898 935 2955 p.
952 2881 1013 2940 216
1030 2896 1075 2955 sq.
1099 2881 1283 2943 Pasobalius

131 2981 237 3044 coron.
253 2982 275 3042 l.
295 2983 331 3043 17
356 2999 386 3058 p.
403 2985 451 3043 55.
485 2980 648 3052 Bentlejus
661 2981 735 3040 Hor.
747 2980 848 3055 Epist.
865 2979 886 3039 1.
904 2980 953 3050 19,
971 2983 1017 3041 19.
1051 2979 1228 3041 Schoenius
1243 2983 1283 3042 de

129 3081 192 3145 flur.
216 3085 330 3146 Baooh.
354 3102 384 3160 p.
404 3081 479 3168 192)
503 3084 681 3145 concedere
701 3081 854 3155 jusseris:

550 3193 612 3246 est
635 3187 817 3247 hederae
840 3186 905 3246 vis

336 3288 435 3367 falla,
459 3304 534 3363 qua
556 3288 694 3348 crines
719 3288 902 3365 religata
924 3288 1080 3366 fulges,

128 3398 157 3452 et
185 3391 340 3467 loquendi
369 3407 470 3468 genus
499 3392 681 3451 restitutum
712 3406 887 3467 agnosces,
925 3390 1010 3464 quod
1039 3390 1178 3453 omnium
1209 3392 1285 3453 seri-

126 3500 249 3570 ptorum
273 3493 505 3572 (utEuripidis
529 3494 598 3553 Tro.
627 3494 706 3554 11111
741 3485 885 3574 ἁλμυρὸν
905 3487 1013 3572 βάθος
1033 3489 1152 3557 πόντου
1180 3503 1212 3556 et
1236 3496 1285 3557 Ci-

126 3594 252 3658 oeronis
275 3596 342 3656 Nat.
365 3598 401 3659 l).
417 3596 453 3656 ll.
479 3598 534 3658 39:
574 3595 710 3657 fontium
748 3596 873 3673 gelidas
905 3597 1155 3673 perennitates.“
1190 3605 1286 3675 atque

124 3697 229 3776 ipsius
251 3696 375 3759 Horatii
400 3699 447 3758 lll.
471 3700 522 3768 29,
547 3700 602 3759 21“;
635 3699 733 3759 iratos
756 3715 867 3776 regum
891 3700 1010 3776 apiaes.
1043 3704 1113 3763 Axt.
1138 3701 1284 3778 Spurinn.

123 3801 211 3877 pfl
230 3816 277 3876 sq.
321 3800 412 3878 Valg.
438 3820 468 3878 p.
489 3803 538 3862 54.
563 3802 623 3862 231
640 3801 701 3886 sq.)
739 3802 890 3878 frequens
919 3803 959 3863 ad
987 3804 1144 3865 fallendos
1182 3808 1286 3864 tamen

91 3975 93 3978 Ι
123 3901 274 3964 librarios
298 3900 484 3963 instructum
513 3903 615 3963 tuisse
637 3910 763 3979 pateat,
793 3912 831 3966 et.
856 3888 926 3966 eam
955 3907 1146 3966 sententiam
1174 3920 1285 3964 conse-

124 4012 242 4081 quutus
272 4005 456 4075 videberis,
487 4020 568 4080 quae
599 4005 639 4066 ad
670 4013 784 4068 statum
813 4009 905 4069 verbi
939 4009 1078 4085 fulges
1101 4006 1285 4067 firmandum

125 4108 205 4168 salis
237 4107 353 4168 valeat.
413 4106 494 4176 Quid
523 4108 608 4167 enim
644 4109 790 4172 instituto
828 4110 935 4188 aptius
970 4112 1008 4171 ab
1043 4108 1175 4172 Horatio
1214 4126 1285 4185 pro-

124 4207 202 4271 ferri
225 4209 347 4286 potuit,
372 4225 464 4285 quam
486 4208 564 4269 hoa:
588 4210 749 4289 fulgere
775 4210 826 4295 (of.
852 4211 1012 4272 claudian.
1037 4211 1125 4271 Feso.
1150 4212 1206 4273 et:
1236 4230 1285 4273 so-

124 4312 199 4373 litas
222 4311 317 4389 galea
338 4311 501 4389 fulgere
526 4327 632 4371 eomas
656 4346 698 4356 —
721 4314 810 4374 molli
834 4319 927 4378 neate
950 4313 1108 4395 eorona“)
1136 4316 1287 4390 puellam,
