2806 4866
611 269 652 340 13

39 447 152 511 bitum
177 444 341 504 inventum
366 459 438 503 esse
462 447 730 503 commemoraret.
767 440 831 501 Sed
852 459 954 518 prope
977 443 1067 520 piget
1091 445 1211 507 reterre

45 567 69 610 a
91 546 229 608 Lehrsio
254 562 325 606 eum
348 562 475 606 versum
489 544 657 605 hoo'modo
674 544 881 606 deformatum
897 561 984 606 esse:
1008 547 1059 608 die
1081 565 1210 610 atnoe-

44 669 161 720 num,
187 649 331 720 Barbite,
364 659 522 710 carmen.“
574 647 634 718 Qui
665 648 793 723 quidem
825 648 953 720 Raudii,
985 651 1096 723 oredo,
1120 651 1157 714 ll.
1182 655 1210 713 3.

47 775 84 832 p.
111 755 165 814 34:
203 754 325 832 Regina
348 752 509 813 amoeni
539 751 752 827 Terpsichore
784 751 884 812 soni“
913 759 945 811 et
969 752 1017 810 lv.
1042 755 1060 815 a
1087 773 1118 830 p.
1137 755 1210 817 lau:

28 857 180 930 ;,‚testis
203 855 413 916 amoenior
437 855 608 932 Argenteis
633 854 842 914 Gallutiorum
865 855 1055 917 Barbitos
1085 857 1211 919 insonu-

49 962 123 1020 isse
153 959 289 1018 neruis“
329 957 504 1018 studiosior
538 957 614 1026 luit,
652 973 744 1031 quam
775 957 935 1018 Sarbievii
960 956 1008 1016 IV.
1036 960 1054 1018 'l
1085 977 1105 1036 p
1138 961 1213 1021 152:

46 1065 169 1123 Jessea
193 1062 339 1137 quisquis
364 1060 499 1121 reddere
522 1060 660 1120 carmina
684 1058 788 1119 Audet
809 1043 945 1121 Latini
975 1063 1104 1137 pectine
1127 1063 1213 1123 bar-

46 1165 181 1238 biti;“
206 1163 262 1224 sed
286 1165 412 1224 mallem
436 1164 493 1223 ille
515 1161 607 1223 nobis
630 1161 822 1223 Matinum
847 1179 969 1224 carmen
994 1166 1190 1240 protulisset.

608 1399 668 1496 ll.

111 1666 128 1703 f.
146 1608 236 1679 Quod
259 1580 366 1670 contra
391 1609 506 1670 iactum
530 1614 579 1667 est
603 1607 635 1667 in
659 1608 796 1667 carmine
819 1606 870 1666 lll.
897 1610 946 1679 11,
973 1611 1026 1672 18:

479 1727 667 1803 quamvis
690 1727 842 1787 furiale
867 1736 1026 1791 centum

275 1831 451 1891 llluniant
475 1845 629 1907 angues
653 1836 776 1904 caput
799 1831 861 1908 etus
885 1835 973 1909 atque

278 1931 460 2008 Spiritus
484 1938 600 1993 teter
623 1932 844 2006 saniesque
867 1940 1000 1992 manet

490 2038 564 2095 Ore
587 2033 788 2110 trilingui

58 2150 189 2235 (caput,
214 2152 300 2225 ejus
324 2161 448 2230 atque
472 2153 608 2232 Spiritus
635 2163 703 2201 -“
727 2153 838 2229 Barth„
856 2152 933 2212 Stat.
955 2155 1052 2214 Theb.
1078 2153 1127 2225 lV,
1152 2155 1213 2215 lec

57 2274 91 2331 p.
112 2252 196 2338 ll'l.)
234 2256 375 2331 Namque
399 2258 429 2317 in
455 2275 474 2316 a
497 2259 605 2319 abisse
628 2258 752 2318 litteras
776 2272 821 2316 ce
846 2263 878 2314 et
902 2257 933 2316 in
956 2258 1037 2318 hanc
1060 2259 1217 2334 speciem:

58 2357 252 2431 ei’atque
274 2361 412 2419 uertisse
437 2360 567 2420 verbum
592 2365 789 2433 elcetque:

577 2478 737 2558 ualeatque

277 2581 465 2656 Spiritus
494 2589 603 2642 teter

61 2715 164 2775 nuper
193 2700 467 2776 comprobavimus
506 2701 582 2763 Stat.
617 2703 755 2775 conjeci.
779 2703 845 2761 Vll.
876 2721 908 2779 p.
933 2703 993 2762 183
1024 2716 1070 2775 sq.
1102 2708 1166 2762 not.
1191 2702 1219 2771 3,

58 2803 116 2862 ubi
132 2803 250 2864 similia
271 2804 425 2878 quaedam
450 2805 613 2865 attulimus
637 2807 755 2866 omisso
775 2805 965 2865 Nemesiano
986 2807 1019 2863 L.
1035 2804 1128 2865 Herc.
1144 2805 1218 2863 123:

60 2907 261 2982 flammisque
276 2908 454 2968 furentibus
471 2908 538 2967 ard
548 2914 585 2967 el
601 2909 811 2984 Spiritus“
826 2906 1166 2982 ctHerrnesianEleg.
1180 2906 1216 2963 11

60 3004 180 3082 εκυνός
196 2999 248 3070 Ἐν
269 3013 363 3092 πυρὶ
384 3002 449 3090 μοὶν
472 3006 581 3093 φωνὴν
602 3011 814 3091 τεθοωμένου.
869 3008 944 3084 Lyd.
966 3006 1007 3067 de
1029 3007 1145 3068 Menss.
1170 3005 1220 3065 ΙΙΙ.

63 3113 121 3172 25:
144 3106 198 3189 τῆν
213 3116 397 3195 νρίστοιχον
419 3108 516 3195 φύσιν
538 3113 689 3191 δηλοῦσιν
712 3110 836 3194 ὕδατος,
859 3108 965 3195 πνρό
972 3135 1003 3193 ς,
1023 3108 1221 3196 γῆς-ὅθεν

64 3217 119 3276 καὶ
148 3210 338 3298 τρικάρηνον
368 3209 386 3277 ὅ
415 3218 524 3298 μῦθος
554 3216 667 3280 δίδωσι
698 3217 742 3301 τῷ
770 3212 939 3279 Πλούτωνι
970 3212 1048 3278 κύνα
1076 3209 1145 3277 ἀντὶ
1168 3211 1223 3277 τοῦ

63 3305 260 3400 τρίστοιχον.
312 3319 377 3379 Cul.
407 3339 436 3377 u.
462 3302 539 3378 2203
578 3319 711 3388 „Pone
743 3320 896 3378 Cerberus
927 3334 972 3377 en
1002 3318 1080 3378 diris
1110 3318 1221 3394 flagrat

63 3420 233 3481 latratibus
265 3431 347 3481 ora“
377 3417 441 3504 (sie
472 3422 557 3481 anim
586 3421 657 3480 sive
689 3421 719 3480 in
752 3421 835 3480 hunc
863 3420 1003 3480 modum:
1039 3421 1127 3482 dira
1162 3423 1221 3479 in-

62 3523 220 3600 llagrat
244 3525 282 3585 cl.
296 3524 372 3585 Stat.
386 3524 527 3595 Conject.
541 3523 606 3584 ΧΠ.
629 3543 661 3600 p.
678 3525 758 3594 eol,
781 3523 995 3600 Peerlkampii
1018 3525 1091 3585 Hor.
1115 3529 1144 3601 p.
1160 3524 1219 3586 291

66 3625 228 3703 inceptum
259 3628 404 3702 expolire
434 3628 534 3687 satius
574 3628 720 3687 duximus
751 3626 789 3686 ct.
814 3625 868 3686 Sil.
892 3624 914 3683 I.
947 3627 1023 3698 teo,
1062 3644 1154 3702 quam
1183 3625 1223 3684 de
1317 3699 1324 3709 ι

64 3727 219 3789 tollendis
248 3733 402 3791 obscurae
432 3730 533 3791 lamae
564 3729 714 3807 vestigiis
753 3729 942 3805 adstipulari
972 3729 1129 3806 Haupti0‚
1169 3727 1223 3801 qui

64 3831 147 3890 haec
172 3833 384 3910 excogitavit:
415 3833 500 3893 Pone
526 3835 681 3895 Cerberus
713 3840 745 3893 et
776 3833 855 3892 diris
885 3833 1081 3893 latrantia
1103 3829 1222 3890 ricti-

65 3935 140 3994 bus
164 3935 271 4012 ora“).
322 3935 404 4006 Quid
432 3935 494 4007 jam
524 3935 672 4008 adjiciam
703 3937 763 3996 hos
794 3951 906 3995 versus
942 3937 1067 4012 spurios
1097 3930 1224 3992 habitos

66 4051 142 4096 esse
168 4055 237 4098 curn
260 4040 298 4100 ab
321 4039 396 4106 aliis
426 4045 491 4098 tum
513 4057 532 4099 a
553 4039 776 4116 Peerlkampio
809 4045 841 4098 et
873 4037 924 4098 oui
953 4036 1046 4096 ludus
1070 4044 1120 4094 est
1143 4051 1223 4093 sum-

64 4155 132 4199 mas
171 4134 315 4216 quasque
360 4140 563 4201 difficultates
603 4143 840 4218 subterfugere,
881 4137 1017 4199 Lehrsio
1053 4154 1085 4212 p.
1108 4133 1224 4197 cxlv?

66 4242 167 4312 Quale
199 4249 304 4303 autem
334 4244 482 4313 Cerberi,
513 4244 578 4302 tale
609 4246 724 4322 Oedipi
749 4260 767 4302 e
789 4241 954 4319 profundis
984 4241 1127 4300 tenebris
1158 4256 1224 4302 ere-
