2806 4866
682 324 747 398 lte

133 501 204 566 vari
227 500 371 577 emergit.
416 497 558 559 Occurrit
580 505 685 559 autem
710 506 742 558 et
766 499 858 573 quasi
881 500 967 560 lucet
991 503 1212 585 primumhoc:
1231 526 1270 568 no-

71 663 78 676 ,
134 609 219 668 mine
242 604 397 681 Nymphe
419 598 521 684 (quod
541 618 604 661 non
626 601 729 662 minus
753 609 842 662 recte
864 603 949 674 dici,
981 622 1073 680 quam
1098 607 1270 684 Nymphon

133 709 227 773 testis
251 713 300 768 est
321 705 458 767 maxime
483 700 631 786 Ovidius)
661 703 710 764 sic
733 704 870 780 scripto,
898 710 933 765 ut
963 707 1084 784 scripta
1114 710 1270 771 invenimus

132 817 284 892 Libyae
312 808 396 883 apuu
421 803 652 880 Philargyrium
678 804 764 882 Virg.
788 805 901 885 Georg.
918 807 969 869 ΠΙ.
987 810 1047 873 its
1079 830 1137 888 pro
1168 813 1268 890 Libye,

132 927 167 983 ut
203 912 357 979 indicavit
392 907 541 970 Barthius
576 905 738 968 Alunt
777 909 907 984 ptest
944 919 975 972 et
1005 929 1088 988 quos
1116 916 1268 976 nominarit

132 1016 367 1083 Wemsdorfius
389 1011 420 1073 P.
442 1013 476 1073 L.
500 1008 538 1069 Μ.
562 1008 598 1068 V.
620 1010 637 1069 3
662 1028 691 1085 p.
710 1011 810 1082 1409,
833 1012 990 1092 Prognae
1013 1013 1095 1077 Scal.
1119 1018 1183 1078 lnd.
1203 1018 1266 1079 Gmt.

133 1127 227 1188 lnscr.
256 1136 286 1195 p.
310 1113 459 1179 LXlllllV
481 1114 659 1188 multaque,
696 1129 778 1188 (quae
808 1114 888 1177 alibi
909 1117 1172 1192 perstrinximus,
1194 1139 1265 1197 quun

131 1220 320 1303 praesertim
344 1219 377 1278 in
398 1216 471 1275 loo'o
500 1213 645 1291 proxime
674 1215 841 1294 superiore
863 1218 1027 1295 legeretur
1055 1221 1210 1294 rident,
1235 1223 1264 1283 la·

132 1335 215 1390 otum
238 1337 330 1391 esse,
360 1324 395 1378 ut
424 1317 623 1393 simplices
646 1316 830 1392 Nymphae
860 1319 892 1379 in
919 1335 958 1382 ea
980 1329 1071 1398 parte
1096 1324 1263 1385 exsisterem

132 1447 188 1508 pro
212 1421 404 1498 simplice
419 1419 571 1495 Nympha.
607 1416 697 1490 Quod
721 1418 827 1494 ipsum
848 1437 911 1496 quo
936 1425 1053 1486 erroris
1077 1442 1197 1503 genere
1212 1445 1262 1489 cor·

132 1534 239 1594 ilatum
262 1526 321 1596 sit,
350 1523 405 1584 vix
429 1525 537 1598 potest
560 1519 697 1598 ambigi,
726 1521 790 1581 nisi
810 1521 892 1582 lorte
914 1525 986 1600 quis
1009 1534 1109 1605 neget
1131 1529 1184 1590 hio
1204 1529 1262 1589 acri-

131 1636 208 1697 dere
231 1628 393 1708 potuisse,
429 1622 513 1699 quod
543 1623 735 1699 saepissime
765 1623 925 1687 accidisse
952 1635 1078 1690 constat
1108 1628 1197 1714 (Stat.
1217 1631 1264 1692 licl.

128 1739 184 1798 ult.
207 1753 238 1812 p.
262 1732 332 1793 ³03.
357 1724 449 1810 304),
473 1730 507 1785 ut
531 1723 658 1787 litterae
682 1731 713 1784 et
735 1725 810 1789 hae:
834 1745 851 1787 c
874 1735 906 1788 et
929 1748 945 1789 s
969 1731 1118 1815 etillae:
1142 1752 1222 1803 m‚1r
1239 1741 1263 1792 et

129 1840 178 1910 ti,
209 1836 246 1898 ci
274 1829 541 1912 permiscerentur
569 1826 942 1905 succederetqueistud
971 1833 1150 1911 simplex
1185 1833 1263 1918 (quod

129 1936 364 2019 „peculiariter
386 1933 536 1993 tribuitur
558 1929 706 2004 puellis“
729 1931 853 1995 Ruhnlt.
866 1934 957 1994 ovid.
982 1934 1053 1996 Her.
1068 1938 1104 1998 ll.
1122 1940 1161 1999 64
1184 1958 1209 2015 p.
1222 1935 1263 2016 tt)
1301 1934 1304 1983 ἕ

128 2044 202 2106 voci
236 2036 448 2114 centiplex
485 2032 702 2115 (complex.
734 2037 938 2116 cetiplex)
971 2039 1113 2102 librariis
1144 2041 1261 2118 quidem,

129 2145 261 2222 opinor,
301 2138 438 2201 maxime
480 2135 634 2196 mirabili:
680 2138 936 2216 quotusquisque
979 2144 1065 2204 euim
1098 2152 1194 2210 ,norat
1222 2141 1261 2200 uel

128 2246 206 2309 illud
238 2239 417 2305 Claudiani:
447 2238 609 2312 triplex
640 2238 778 2301 Gratia
807 2237 913 2324 (Jahn
939 2245 980 2306 de
1010 2245 1126 2322 Europ.
1158 2240 1258 2322 pilli

126 2347 207 2421 Quid
228 2341 349 2408 multa?
372 2342 440 2403 his:
838 2339 841 2342 ’

253 2449 373 2510 Ridet
396 2447 488 2515 hoo,
512 2445 692 2520 inquam,
722 2447 856 2510 Venus
880 2449 986 2524 ipsa,
1017 2451 1152 2512 rident

255 2549 400 2631 temptor
423 2534 584 2622 Nympho
606 2548 775 2610 leruset
799 2552 952 2627 Cupido
1026 2605 1029 2608 ,
1108 2589 1111 2594 -
1219 2558 1221 2561 ’
1297 2536 1300 2547 ’

126 2672 193 2719 eam
217 2652 405 2727 complexus
429 2655 479 2708 est
501 2647 650 2710 Horatius
674 2654 881 2724 sententiam,
906 2672 998 2740 quarn
1020 2657 1092 2737 ipsa
1109 2675 1159 2720 res
1174 2653 1260 2732 requi·

124 2763 221 2824 reret.
263 2753 389 2827 Risisse
413 2751 498 2812 enim
522 2767 661 2813 omnes
695 2755 854 2832 Nymphas
876 2742 1014 2820 Veneris
1044 2762 1177 2822 comites
1204 2759 1262 2819 sire

125 2866 338 2921 centenum
353 2855 562 2932 Nympharum
582 2857 747 2919 chorum
759 2854 894 2940 (huson.
910 2861 975 2934 Ncl.
991 2863 1031 2924 de
1046 2865 1115 2925 Nat.
1127 2860 1262 2938 Puerul·

123 2955 506 3043 Stat.sitv.1v.t„te)
541 2959 586 3020 ait
615 2964 768 3034 sequutus
799 2966 943 3022 veterum
978 2971 1144 3037 poetarum
1173 2977 1264 3026 exem·

122 3065 225 3140 plum,
255 3063 296 3125 de
327 3078 389 3136 quo
420 3061 621 3123 existimatur
649 3068 682 3121 et
711 3077 752 3123 ex
783 3063 824 3124 iis
853 3065 963 3140 locis„
990 3082 1071 3141 quos
1103 3065 1265 3130 indicaurnl

121 3163 270 3226 Barthius
301 3169 333 3222 et
355 3163 550 3224 Burmannus
574 3164 657 3226 Grat.
680 3167 754 3241 Cyn.
775 3169 811 3228 ll
842 3186 872 3244 p.
887 3169 927 3228 20
963 3167 1000 3228 el.
1024 3163 1262 3232 oviumque

122 3268 153 3336 b,
175 3267 234 3337 bb,
259 3270 290 3325 et
314 3281 355 3325 ex
378 3265 435 3335 iis,
469 3267 583 3341 quibus
605 3267 759 3335 Pindarus
784 3278 815 3330 et
838 3270 1016 3347 Sophocles
1040 3274 1142 3354 κορᾶν
1164 3269 1264 3356 ἀγέλαν

118 3363 324 3449 ἑκατόγγυιον
352 3373 383 3427 et
413 3363 635 3450 ἑκατόμποδας
656 3364 806 3465 Hypseus
834 3381 1045 3435 memorarunt
1069 3375 1260 3459 Schoemann·
1301 3411 1304 3471 γ

44 3523 47 3531 .
119 3471 235 3548 Opusc.
257 3471 352 3532 head.
367 3470 402 3530 ΙΙ.
424 3473 539 3546 plot
563 3479 627 3535 not.
643 3475 693 3536 65.
764 3502 794 3556 μ
1302 3474 1304 3505 ²

624 3692 768 3791 txvll.

201 3880 292 3954 Quod
321 3881 426 3959 ipsum
457 3864 588 3950 dicendi
615 3901 715 3963 genus
749 3883 860 3953 doctos
897 3889 1045 3952 homines
1075 3892 1107 3954 in
1138 3891 1254 3957 oartuire

116 3981 165 4044 111.
192 3985 320 4056 14,10:
466 3992 468 3996 ’
753 3980 756 3986 “

493 4087 573 4154 Vos
597 4106 616 4147 o
639 4073 760 4164 pueri
784 4097 821 4151 et
846 4095 1012 4176 puellae

327 4189 407 4250 lam
438 4190 568 4250 virum
599 4194 799 4272 expertae
824 4197 900 4265 nale
922 4199 1060 4266 entitas

470 4290 649 4354 ‘Parcite
671 4298 812 4359 verbis
