2806 4866
555 315 680 387 41

117 490 284 551 somnis.
309 492 436 554 Mediol.
461 488 690 573 insomnis),
714 491 778 551 nisi
804 489 931 550 facilius
955 491 1016 551 hoc
1038 490 1128 552 ducis
1152 506 1235 552 com·

335 611 349 645 Θ

105 664 244 723 andium:
268 665 399 734 sonis,
422 663 584 733 esonis,
609 661 837 721 exsomnis:

502 821 504 824 ,
590 764 671 824 Non
694 778 810 823 secus
834 763 874 823 in
896 762 1008 840 jugis

422 866 542 931 hanefa
563 870 702 943 stupet
723 864 858 926 Euias.

105 994 248 1048 rictorem
276 988 320 1048 do
352 987 541 1048 Nicandrum
569 988 661 1047 Ther.
687 987 767 1046 tat:
795 981 909 1067 Ἕβρος
934 982 989 1047 ἵνα
1018 978 1182 1049 Ζωναῐιί
1203 975 1235 1045 τ’

105 1087 153 1169 ¹ptr
182 1085 351 1172 χιόνεσσι
381 1085 541 1175 pelope
565 1091 630 1152 Καὶ
653 1085 744 1171 δρύες
766 1085 945 1170 Οἴαγρίδαο
982 1088 1018 1150 cf.
1042 1086 1159 1148 Hemst.
1184 1103 1234 1160 ap.

105 1193 187 1253 lalck.
217 1194 349 1253 Theocr.
379 1193 444 1253 Vll.
477 1194 538 1279 411,
575 1195 693 1270 pili.
740 1192 838 1251 Theb.
868 1190 976 1252 Parad.
1006 1190 1121 1251 Coreli.
1151 1188 1233 1248 XXII

105 1314 116 1350 r.
137 1296 202 1354 442.
256 1297 374 1356 Levius
412 1297 494 1357 hanc
531 1313 658 1382 causam
694 1295 866 1372 attigerunt
893 1293 1166 1355 Wordswortlrius
1202 1297 1235 1351 et

105 1395 252 1457 titschins
275 1400 406 1459 Theocc.
430 1397 493 1457 ld.
524 1416 552 1474 p.
567 1398 646 1468 238,
677 1414 809 1473 quorum
840 1397 896 1457 ille
927 1411 1049 1466 „versu
1072 1393 1234 1455 Theocriti
1291 1409 1295 1418 ·

105 1496 218 1570 lentleji
248 1498 461 1570 conjecturam
498 1501 626 1576 probari
636 1508 654 1535 ‘⁴
691 1500 736 1561 ait
765 1495 814 1581 (ut
843 1497 1023 1558 Meinekius
1058 1515 1088 1572 p.
1111 1494 1233 1578 xviii),

105 1601 137 1661 ric
172 1602 232 1672 „ei
278 1602 445 1663 mutationi
484 1601 629 1676 proxima
672 1605 782 1663 verba:
822 1607 855 1661 et
893 1601 986 1662 nive
1026 1597 1233 1660 candidam

105 1705 255 1763 thracen
279 1703 460 1781 refragari‘·
484 1705 626 1766 affirmat.
736 1724 741 1734 Χ

582 1921 725 2019 xtvtt.

161 2088 333 2168 Redeo'ad
357 2113 481 2159 carmen
507 2097 554 2156 IV.
583 2098 628 2157 44.
682 2096 715 2158 ln
746 2114 809 2174 quo
833 2113 915 2174 quae
938 2115 968 2155 v.
992 2096 1130 2156 25-32
1162 2094 1233 2153 srib-

106 2209 182 2262 nncta
205 2208 255 2261 est
278 2201 372 2261 alteri
396 2219 423 2259 v.
441 2201 479 2261 ta
496 2218 563 2277 sqq.
588 2200 797 2277 comparatio:

249 2321 315 2381 Sic
338 2321 592 2382 tauriformis
616 2321 805 2381 volvitur
827 2319 1020 2389 Aufidus,

251 2424 326 2496 Qui
349 2440 471 2502 regna
494 2425 621 2486 Dauni
647 2423 849 2501 praefluit
873 2423 1039 2499 Appuli,

291 2528 379 2586 Cum
402 2529 535 2588 saevit
559 2527 882 2604 horrendamque
905 2526 1031 2587 cultis

335 2629 543 2690 Diluviem
565 2630 786 2691 meditatur
808 2629 940 2707 agris,

247 2732 294 2792 Ut
317 2734 579 2794 barbarorum
601 2734 796 2795 Claudius
819 2731 979 2812 agmina

141 2818 143 2822 ἱ
246 2835 415 2895 Ferrato
437 2842 554 2896 vasto
579 2835 708 2896 diruit
731 2837 885 2912 impetu

291 2937 528 3014 Primusque
552 2945 589 2999 et
612 2946 816 3000 extremos
839 2937 1027 2998 metendo

335 3037 493 3101 Stravit
516 3041 671 3101 humum
695 3040 786 3101 sine
809 3041 926 3100 clude
950 3037 1103 3108 victor,

105 3173 135 3217 >n
161 3158 325 3217 mediocre
348 3167 539 3230 momentum
562 3161 700 3222 accessit
732 3161 763 3220 ei
785 3157 1013 3235 disputationi,
1044 3173 1106 3233 qua
1136 3157 1230 3218 Lelrr-

105 3276 142 3320 us
173 3261 265 3334 ipsos
296 3276 354 3320 eos
386 3276 515 3332 versus,
550 3263 589 3323 de
619 3264 734 3338 quibus
763 3263 857 3324 modo
887 3261 997 3348 (XLV)
1027 3260 1232 3333 absolvimus,

108 3363 238 3422 siticios
263 3380 336 3423 esse
360 3363 509 3425 effecisse
534 3365 597 3426 sibi
620 3367 709 3426 visus
735 3373 791 3426 est.
826 3367 973 3427 Ceterum
997 3365 1077 3426 mdit
1100 3366 1232 3442 aliquid,

105 3465 131 3525 1i
155 3467 293 3526 eundem
315 3466 427 3552 ducem
451 3467 637 3528 in'duarum
659 3460 814 3556 deinceps
837 3485 940 3531 rerum
960 3465 1003 3551 (ν.4
1017 3469 1067 3535 21.
1081 3467 1136 3554 25)
1150 3470 1231 3532 com-

105 3567 275 3628 trationem
313 3575 457 3630 evectum
494 3577 643 3647 gravatus
680 3577 729 3631 cst
756 3569 794 3648 p.
819 3571 985 3643 CXXXIH,
1022 3572 1102 3632 vidit
1136 3574 1232 3635 etiam

105 3669 317 3746 eerlkampius
345 3687 375 3745 p.
400 3673 478 3742 432,
513 3673 568 3748 qui
592 3675 681 3743 „hoc
710 3692 772 3735 non
798 3675 944 3751 probavit
965 3676 1061 3736 Drusi
1083 3676 1136 3736 vix
1160 3676 1232 3736 fieri

105 3771 289 3842 ¹entiouem,
311 3773 343 3834 in
368 3775 495 3836 Tiberio
518 3781 566 3835 tot
588 3791 701 3836 versus
725 3777 897 3852 impendi.“
942 3778 1005 3838 Sed
1027 3785 1161 3853 utraque
1181 3793 1230 3837 res

105 3872 249 3937 rudenter
268 3866 492 3938 animadversa
514 3884 634 3939 tantum
657 3880 748 3940 abest
775 3886 809 3941 ut
832 3880 871 3940 ad
893 3877 1140 3941 deminutionem
1165 3886 1229 3941 tan-

105 3988 144 4032 tm
164 3975 202 4035 de
224 3976 350 4039 Horatii
373 3979 512 4040 carmine
535 3980 713 4043 faciendam
737 3984 865 4044 omnino
888 3984 1010 4052 valeat,
1039 3988 1074 4041 ut
1095 3981 1135 4041 od
1157 3982 1228 4064 viti-

105 4087 183 4148 rum,
207 4079 374 4155 quaejam
397 4083 525 4156 penitus
549 4084 709 4148 insedisse
733 4085 918 4154 videantur,
950 4082 1229 4159 investigationem

105 4181 165 4237 erto
187 4181 313 4259 dirigat.
359 4183 412 4245 Sic
435 4191 540 4244 autem
563 4187 695 4247 habeto:
718 4188 885 4262 Postquam
906 4202 963 4263 per
984 4185 1109 4262 singula
1124 4186 1228 4246 eundo

106 4283 174 4341 oeta
195 4285 393 4360 praedicavit
416 4287 550 4347 Drusum
580 4283 715 4348 militiae
745 4288 975 4348 rudimenta
1008 4287 1039 4346 in
1064 4285 1228 4349 Germanis
