<?xml version="1.0" encoding="UTF-8"?>
<!DOCTYPE html PUBLIC "-//W3C//DTD XHTML 1.0 Transitional//EN"
    "http://www.w3.org/TR/xhtml1/DTD/xhtml1-transitional.dtd">
<html xmlns="http://www.w3.org/1999/xhtml" xml:lang="en" lang="en">
 <head>
  <title>
</title>
<meta http-equiv="Content-Type" content="text/html;charset=utf-8" />
  <meta name='ocr-system' content='tesseract 3.04.00' />
  <meta name='ocr-capabilities' content='ocr_page ocr_carea ocr_par ocr_line ocrx_word'/>
</head>
<body>
  <div class='ocr_page' id='page_1' title='image "./emendationeshor00ungegoog_0124.png"; bbox 0 0 2806 4866; ppageno 0'>
   <div class='ocr_carea' id='block_1_1' title="bbox 548 323 750 624">
    <p class='ocr_par' dir='ltr' id='par_1_1' title="bbox 548 323 750 624">
     <span class='ocr_line' id='line_1_1' title="bbox 548 323 718 397; baseline -0.029 0"><span class='ocrx_word' id='word_1_1' title='bbox 548 345 556 356; x_wconf 84' lang='lat'><em>-</em></span> <span class='ocrx_word' id='word_1_2' title='bbox 658 323 718 397; x_wconf 79' lang='lat' dir='ltr'><strong>ua</strong></span> 
     </span>
     <span class='ocr_line' id='line_1_2' title="bbox 657 527 750 624; baseline 0 -2"><span class='ocrx_word' id='word_1_3' title='bbox 657 527 750 624; x_wconf 86' lang='lat' dir='ltr'><strong>llll.</strong></span> 
     </span>
    </p>
   </div>
   <div class='ocr_carea' id='block_1_2' title="bbox 123 701 1282 1393">
    <p class='ocr_par' dir='ltr' id='par_1_2' title="bbox 123 701 1282 1393">
     <span class='ocr_line' id='line_1_3' title="bbox 206 701 1279 783; baseline -0.006 -13"><span class='ocrx_word' id='word_1_4' title='bbox 206 709 254 770; x_wconf 79' lang='lat' dir='ltr'><strong>Ab</strong></span> <span class='ocrx_word' id='word_1_5' title='bbox 279 705 353 768; x_wconf 90' lang='lat' dir='ltr'><strong>aliis</strong></span> <span class='ocrx_word' id='word_1_6' title='bbox 376 705 523 767; x_wconf 83' lang='lat' dir='ltr'><strong>laudetur</strong></span> <span class='ocrx_word' id='word_1_7' title='bbox 544 702 741 783; x_wconf 74' lang='lat' dir='ltr'><strong>Ritschelius</strong></span> <span class='ocrx_word' id='word_1_8' title='bbox 765 701 805 760; x_wconf 94' lang='lat' dir='ltr'><strong>de</strong></span> <span class='ocrx_word' id='word_1_9' title='bbox 828 703 966 763; x_wconf 81' lang='lat' dir='ltr'><strong>carmine</strong></span> <span class='ocrx_word' id='word_1_10' title='bbox 990 703 1058 763; x_wconf 90' lang='grc' dir='ltr'>ΙΙ.1</span> <span class='ocrx_word' id='word_1_11' title='bbox 1085 703 1162 764; x_wconf 83' lang='lat' dir='ltr'><strong>Mus.</strong></span> <span class='ocrx_word' id='word_1_12' title='bbox 1179 706 1279 766; x_wconf 83' lang='lat' dir='ltr'><strong>Rhcn.</strong></span> 
     </span>
     <span class='ocr_line' id='line_1_4' title="bbox 127 805 1279 887; baseline -0.005 -15"><span class='ocrx_word' id='word_1_13' title='bbox 127 812 202 872; x_wconf 77' lang='grc'><strong>1856</strong></span> <span class='ocrx_word' id='word_1_14' title='bbox 227 829 256 887; x_wconf 89' lang='lat' dir='ltr'><strong>p.</strong></span> <span class='ocrx_word' id='word_1_15' title='bbox 272 809 334 872; x_wconf 74' lang='grc'><strong>628</strong></span> <span class='ocrx_word' id='word_1_16' title='bbox 351 825 418 885; x_wconf 92' lang='lat' dir='ltr'><strong>sqq.</strong></span> <span class='ocrx_word' id='word_1_17' title='bbox 443 811 671 868; x_wconf 88' lang='lat' dir='ltr'><strong>commentatus</strong></span> <span class='ocrx_word' id='word_1_18' title='bbox 702 810 733 863; x_wconf 89' lang='lat' dir='ltr'><strong>et</strong></span> <span class='ocrx_word' id='word_1_19' title='bbox 762 805 817 879; x_wconf 92' lang='lat' dir='ltr'><strong>qui</strong></span> <span class='ocrx_word' id='word_1_20' title='bbox 852 806 936 886; x_wconf 81' lang='lat' dir='ltr'><strong>omni</strong></span> <span class='ocrx_word' id='word_1_21' title='bbox 962 808 1126 867; x_wconf 88' lang='lat' dir='ltr'><strong>verborum</strong></span> <span class='ocrx_word' id='word_1_22' title='bbox 1158 809 1279 868; x_wconf 82' lang='lat' dir='ltr'>honore</span> 
     </span>
     <span class='ocr_line' id='line_1_5' title="bbox 125 907 1280 986; baseline -0.004 -12"><span class='ocrx_word' id='word_1_23' title='bbox 125 914 188 985; x_wconf 83' lang='lat' dir='ltr'><strong>ejus</strong></span> <span class='ocrx_word' id='word_1_24' title='bbox 212 928 345 974; x_wconf 81' lang='lat' dir='ltr'><strong>acumen</strong></span> <span class='ocrx_word' id='word_1_25' title='bbox 370 918 402 971; x_wconf 89' lang='lat' dir='ltr'><strong>ct</strong></span> <span class='ocrx_word' id='word_1_26' title='bbox 425 912 512 971; x_wconf 87' lang='lat' dir='ltr'><strong>sales</strong></span> <span class='ocrx_word' id='word_1_27' title='bbox 535 908 760 986; x_wconf 83' lang='lat' dir='ltr'>prosequitur,</span> <span class='ocrx_word' id='word_1_28' title='bbox 785 908 938 969; x_wconf 89' lang='lat' dir='ltr'><strong>Lebrsius</strong></span> <span class='ocrx_word' id='word_1_29' title='bbox 963 927 993 985; x_wconf 87' lang='lat' dir='ltr'><strong>p.</strong></span> <span class='ocrx_word' id='word_1_30' title='bbox 1009 907 1115 969; x_wconf 80' lang='lat' dir='ltr'><strong>nxxll</strong></span> <span class='ocrx_word' id='word_1_31' title='bbox 1135 927 1198 984; x_wconf 83' lang='lat' dir='ltr'><strong>sq:</strong></span> <span class='ocrx_word' id='word_1_32' title='bbox 1222 927 1280 969; x_wconf 88' lang='lat' dir='ltr'><strong>nos</strong></span> 
     </span>
     <span class='ocr_line' id='line_1_6' title="bbox 123 1009 1282 1090; baseline -0.004 -14"><span class='ocrx_word' id='word_1_33' title='bbox 123 1016 293 1086; x_wconf 86' lang='lat' dir='ltr'><strong>iaciamus,</strong></span> <span class='ocrx_word' id='word_1_34' title='bbox 331 1013 478 1090; x_wconf 84' lang='lat' dir='ltr'><strong>quodet</strong></span> <span class='ocrx_word' id='word_1_35' title='bbox 509 1028 566 1089; x_wconf 94' lang='lat' dir='ltr'><strong>per</strong></span> <span class='ocrx_word' id='word_1_36' title='bbox 594 1027 630 1071; x_wconf 92' lang='lat' dir='ltr'><strong>se</strong></span> <span class='ocrx_word' id='word_1_37' title='bbox 663 1009 839 1071; x_wconf 76' lang='lat' dir='ltr'><strong>modestius</strong></span> <span class='ocrx_word' id='word_1_38' title='bbox 869 1027 904 1071; x_wconf 86' lang='lat' dir='ltr'><strong>ac</strong></span> <span class='ocrx_word' id='word_1_39' title='bbox 935 1012 1135 1072; x_wconf 83' lang='lat' dir='ltr'><strong>reverentius</strong></span> <span class='ocrx_word' id='word_1_40' title='bbox 1172 1019 1220 1072; x_wconf 92' lang='lat' dir='ltr'><strong>cst</strong></span> <span class='ocrx_word' id='word_1_41' title='bbox 1250 1017 1282 1071; x_wconf 89' lang='lat' dir='ltr'><strong>ct</strong></span> 
     </span>
     <span class='ocr_line' id='line_1_7' title="bbox 123 1101 1281 1194; baseline -0.004 -16"><span class='ocrx_word' id='word_1_42' title='bbox 123 1119 194 1178; x_wconf 88' lang='lat' dir='ltr'><strong>huic</strong></span> <span class='ocrx_word' id='word_1_43' title='bbox 225 1117 364 1194; x_wconf 80' lang='lat' dir='ltr'><strong>tempori</strong></span> <span class='ocrx_word' id='word_1_44' title='bbox 398 1116 536 1177; x_wconf 84' lang='lat' dir='ltr'><strong>maxime</strong></span> <span class='ocrx_word' id='word_1_45' title='bbox 572 1101 735 1191; x_wconf 77' lang='lat' dir='ltr'><strong>congruit,</strong></span> <span class='ocrx_word' id='word_1_46' title='bbox 777 1113 1039 1189; x_wconf 86' lang='lat' dir='ltr'><strong>proierarnusque</strong></span> <span class='ocrx_word' id='word_1_47' title='bbox 1077 1115 1109 1174; x_wconf 94' lang='lat' dir='ltr'><strong>in</strong></span> <span class='ocrx_word' id='word_1_48' title='bbox 1145 1112 1281 1174; x_wconf 89' lang='lat' dir='ltr'><strong>medium</strong></span> 
     </span>
     <span class='ocr_line' id='line_1_8' title="bbox 124 1214 1281 1294; baseline -0.005 -14"><span class='ocrx_word' id='word_1_49' title='bbox 124 1221 290 1289; x_wconf 88' lang='lat' dir='ltr'><strong>nonnulla,</strong></span> <span class='ocrx_word' id='word_1_50' title='bbox 320 1232 402 1294; x_wconf 87' lang='lat' dir='ltr'><strong>quae</strong></span> <span class='ocrx_word' id='word_1_51' title='bbox 429 1216 575 1289; x_wconf 85' lang='lat' dir='ltr'><strong>injiciant</strong></span> <span class='ocrx_word' id='word_1_52' title='bbox 604 1216 783 1292; x_wconf 89' lang='lat' dir='ltr'><strong>scrupulum</strong></span> <span class='ocrx_word' id='word_1_53' title='bbox 807 1220 839 1273; x_wconf 91' lang='lat' dir='ltr'><strong>et</strong></span> <span class='ocrx_word' id='word_1_54' title='bbox 863 1215 1017 1289; x_wconf 86' lang='lat' dir='ltr'><strong>quandam</strong></span> <span class='ocrx_word' id='word_1_55' title='bbox 1033 1214 1281 1285; x_wconf 78' lang='lat' dir='ltr'><strong>dubitationem,</strong></span> 
     </span>
     <span class='ocr_line' id='line_1_9' title="bbox 125 1317 1282 1393; baseline -0.004 -11"><span class='ocrx_word' id='word_1_56' title='bbox 125 1321 289 1382; x_wconf 85' lang='lat' dir='ltr'><strong>acutiusne</strong></span> <span class='ocrx_word' id='word_1_57' title='bbox 317 1319 539 1382; x_wconf 86' lang='lat' dir='ltr'><strong>an·oudacius</strong></span> <span class='ocrx_word' id='word_1_58' title='bbox 570 1317 779 1379; x_wconf 86' lang='lat' dir='ltr'><strong>eruditissimi</strong></span> <span class='ocrx_word' id='word_1_59' title='bbox 811 1317 872 1377; x_wconf 90' lang='lat' dir='ltr'><strong>viri</strong></span> <span class='ocrx_word' id='word_1_60' title='bbox 903 1319 1087 1379; x_wconf 85' lang='lat' dir='ltr'><strong>censuerint</strong></span> <span class='ocrx_word' id='word_1_61' title='bbox 1110 1323 1174 1387; x_wconf 91' lang='lat' dir='ltr'><strong>tot,</strong></span> <span class='ocrx_word' id='word_1_62' title='bbox 1205 1323 1282 1393; x_wconf 90' lang='lat' dir='ltr'><strong>quot</strong></span> 
     </span>
    </p>
   </div>
   <div class='ocr_carea' id='block_1_3' title="bbox 126 1409 1400 1600">
    <p class='ocr_par' dir='ltr' id='par_1_3' title="bbox 126 1409 1400 1600">
     <span class='ocr_line' id='line_1_10' title="bbox 126 1409 1354 1504; baseline -0.001 -22"><span class='ocrx_word' id='word_1_63' title='bbox 126 1424 286 1493; x_wconf 88' lang='lat' dir='ltr'><strong>ridemus,</strong></span> <span class='ocrx_word' id='word_1_64' title='bbox 316 1437 429 1484; x_wconf 89' lang='lat' dir='ltr'><strong>versus</strong></span> <span class='ocrx_word' id='word_1_65' title='bbox 453 1417 593 1504; x_wconf 80' lang='lat' dir='ltr'><strong>(tl-12.</strong></span> <span class='ocrx_word' id='word_1_66' title='bbox 624 1420 771 1481; x_wconf 75' lang='lat'>25-28.</span> <span class='ocrx_word' id='word_1_67' title='bbox 805 1419 973 1498; x_wconf 75' lang='lat'>33-36),</span> <span class='ocrx_word' id='word_1_68' title='bbox 1004 1409 1224 1496; x_wconf 89' lang='lat' dir='ltr'><strong>excerpendos</strong></span> <span class='ocrx_word' id='word_1_69' title='bbox 1246 1438 1283 1481; x_wconf 89' lang='lat' dir='ltr'><strong>ac</strong></span> <span class='ocrx_word' id='word_1_70' title='bbox 1350 1424 1354 1433; x_wconf 92' lang='lat'>&#39;</span> 
     </span>
     <span class='ocr_line' id='line_1_11' title="bbox 127 1521 1400 1600; baseline -0.004 -15"><span class='ocrx_word' id='word_1_71' title='bbox 127 1526 261 1594; x_wconf 86' lang='lat' dir='ltr'><strong>rhetori,</strong></span> <span class='ocrx_word' id='word_1_72' title='bbox 292 1539 385 1600; x_wconf 90' lang='lat' dir='ltr'><strong>quem</strong></span> <span class='ocrx_word' id='word_1_73' title='bbox 416 1524 521 1584; x_wconf 88' lang='lat' dir='ltr'><strong>auimo</strong></span> <span class='ocrx_word' id='word_1_74' title='bbox 553 1521 734 1584; x_wconf 82' lang='lat' dir='ltr'><strong>informavit</strong></span> <span class='ocrx_word' id='word_1_75' title='bbox 765 1521 901 1583; x_wconf 85' lang='lat' dir='ltr'><strong>maxime</strong></span> <span class='ocrx_word' id='word_1_76' title='bbox 931 1522 1101 1592; x_wconf 88' lang='lat' dir='ltr'><strong>Lehrsius,</strong></span> <span class='ocrx_word' id='word_1_77' title='bbox 1136 1523 1282 1583; x_wconf 89' lang='lat' dir='ltr'><strong>transcri-</strong></span> <span class='ocrx_word' id='word_1_78' title='bbox 1398 1525 1400 1531; x_wconf 86' lang='lat'>&#39;</span> 
     </span>
    </p>
   </div>
   <div class='ocr_carea' id='block_1_4' title="bbox 89 1628 1289 2823">
    <p class='ocr_par' dir='ltr' id='par_1_4' title="bbox 128 1628 838 1806">
     <span class='ocr_line' id='line_1_12' title="bbox 128 1628 255 1688; baseline -0.008 -1"><span class='ocrx_word' id='word_1_79' title='bbox 128 1628 255 1688; x_wconf 88' lang='lat' dir='ltr'><strong>bendos.</strong></span> 
     </span>
     <span class='ocr_line' id='line_1_13' title="bbox 206 1727 838 1806; baseline -0.005 -17"><span class='ocrx_word' id='word_1_80' title='bbox 206 1730 246 1789; x_wconf 86' lang='lat' dir='ltr'><strong>Et</strong></span> <span class='ocrx_word' id='word_1_81' title='bbox 268 1729 403 1806; x_wconf 87' lang='lat' dir='ltr'><strong>primum</strong></span> <span class='ocrx_word' id='word_1_82' title='bbox 426 1727 554 1803; x_wconf 89' lang='lat' dir='ltr'><strong>quidem</strong></span> <span class='ocrx_word' id='word_1_83' title='bbox 578 1727 634 1787; x_wconf 93' lang='lat' dir='ltr'><strong>illa</strong></span> <span class='ocrx_word' id='word_1_84' title='bbox 657 1746 684 1788; x_wconf 89' lang='lat' dir='ltr'><strong>r.</strong></span> <span class='ocrx_word' id='word_1_85' title='bbox 711 1729 749 1788; x_wconf 80' lang='lat'><strong>33</strong></span> <span class='ocrx_word' id='word_1_86' title='bbox 774 1743 838 1803; x_wconf 87' lang='lat' dir='ltr'><strong>sq:</strong></span> 
     </span>
    </p>

    <p class='ocr_par' dir='ltr' id='par_1_5' title="bbox 276 1813 1150 1906">
     <span class='ocr_line' id='line_1_14' title="bbox 276 1813 1150 1906; baseline -0.005 -17"><span class='ocrx_word' id='word_1_87' title='bbox 276 1828 350 1900; x_wconf 82' lang='lat' dir='ltr'><strong>Qui</strong></span> <span class='ocrx_word' id='word_1_88' title='bbox 373 1813 525 1906; x_wconf 84' lang='lat' dir='ltr'><strong>gurges</strong></span> <span class='ocrx_word' id='word_1_89' title='bbox 551 1836 619 1889; x_wconf 89' lang='lat' dir='ltr'><strong>aut</strong></span> <span class='ocrx_word' id='word_1_90' title='bbox 643 1845 744 1904; x_wconf 91' lang='lat' dir='ltr'><strong>quae</strong></span> <span class='ocrx_word' id='word_1_91' title='bbox 764 1827 938 1888; x_wconf 86' lang='lat' dir='ltr'><strong>flumina</strong></span> <span class='ocrx_word' id='word_1_92' title='bbox 960 1825 1150 1903; x_wconf 91' lang='lat' dir='ltr'><strong>lugubris</strong></span> 
     </span>
    </p>

    <p class='ocr_par' dir='ltr' id='par_1_6' title="bbox 277 1927 1043 2011">
     <span class='ocr_line' id='line_1_15' title="bbox 277 1927 1043 2011; baseline -0.008 -21"><span class='ocrx_word' id='word_1_93' title='bbox 277 1932 421 2011; x_wconf 90' lang='lat' dir='ltr'><strong>ignara</strong></span> <span class='ocrx_word' id='word_1_94' title='bbox 442 1927 571 1992; x_wconf 84' lang='lat' dir='ltr'><strong>belli?</strong></span> <span class='ocrx_word' id='word_1_95' title='bbox 604 1932 709 2006; x_wconf 90' lang='lat' dir='ltr'><strong>quod</strong></span> <span class='ocrx_word' id='word_1_96' title='bbox 731 1944 836 1990; x_wconf 88' lang='lat' dir='ltr'><strong>marc</strong></span> <span class='ocrx_word' id='word_1_97' title='bbox 859 1927 1043 2002; x_wconf 81' lang='lat' dir='ltr'><strong>Dauniae</strong></span> 
     </span>
    </p>

    <p class='ocr_par' dir='ltr' id='par_1_7' title="bbox 89 2015 1289 2823">
     <span class='ocr_line' id='line_1_16' title="bbox 268 2015 925 2095; baseline -0.012 -1"><span class='ocrx_word' id='word_1_98' title='bbox 268 2015 276 2020; x_wconf 58' lang='grc'><strong>’</strong></span> <span class='ocrx_word' id='word_1_99' title='bbox 321 2033 402 2095; x_wconf 87' lang='lat' dir='ltr'><strong>Non</strong></span> <span class='ocrx_word' id='word_1_100' title='bbox 425 2033 731 2094; x_wconf 83' lang='lat' dir='ltr'><strong>decoloravere</strong></span> <span class='ocrx_word' id='word_1_101' title='bbox 755 2024 925 2092; x_wconf 80' lang='lat' dir='ltr'><strong>caedes?</strong></span> 
     </span>
     <span class='ocr_line' id='line_1_17' title="bbox 121 2127 1070 2207; baseline -0.009 -9"><span class='ocrx_word' id='word_1_102' title='bbox 121 2199 124 2207; x_wconf 81' lang='grc'>,</span> <span class='ocrx_word' id='word_1_103' title='bbox 365 2134 474 2206; x_wconf 83' lang='lat' dir='ltr'><strong>Quae</strong></span> <span class='ocrx_word' id='word_1_104' title='bbox 498 2141 613 2195; x_wconf 89' lang='lat' dir='ltr'><strong>caret.</strong></span> <span class='ocrx_word' id='word_1_105' title='bbox 637 2152 708 2197; x_wconf 89' lang='lat' dir='ltr'><strong>ora</strong></span> <span class='ocrx_word' id='word_1_106' title='bbox 732 2147 878 2193; x_wconf 89' lang='lat' dir='ltr'><strong>cruore</strong></span> <span class='ocrx_word' id='word_1_107' title='bbox 900 2127 1070 2191; x_wconf 81' lang='lat' dir='ltr'><strong>nostro?</strong></span> 
     </span>
     <span class='ocr_line' id='line_1_18' title="bbox 139 2233 1285 2314; baseline -0.002 -19"><span class='ocrx_word' id='word_1_108' title='bbox 139 2238 294 2314; x_wconf 84' lang='lat' dir='ltr'><strong>err-plorate</strong></span> <span class='ocrx_word' id='word_1_109' title='bbox 318 2237 541 2314; x_wconf 88' lang='lat' dir='ltr'><strong>cognoscenda</strong></span> <span class='ocrx_word' id='word_1_110' title='bbox 564 2237 691 2314; x_wconf 89' lang='lat' dir='ltr'><strong>potius,</strong></span> <span class='ocrx_word' id='word_1_111' title='bbox 715 2253 807 2312; x_wconf 85' lang='lat' dir='ltr'><strong>quarn</strong></span> <span class='ocrx_word' id='word_1_112' title='bbox 832 2252 871 2296; x_wconf 87' lang='lat' dir='ltr'><strong>ea</strong></span> <span class='ocrx_word' id='word_1_113' title='bbox 893 2233 1084 2303; x_wconf 86' lang='lat' dir='ltr'><strong>acerbitate,</strong></span> <span class='ocrx_word' id='word_1_114' title='bbox 1118 2251 1209 2309; x_wconf 89' lang='lat' dir='ltr'><strong>quam</strong></span> <span class='ocrx_word' id='word_1_115' title='bbox 1233 2234 1285 2295; x_wconf 92' lang='lat' dir='ltr'><strong>ad·</strong></span> 
     </span>
     <span class='ocr_line' id='line_1_19' title="bbox 128 2335 1285 2409; baseline 0.003 -16"><span class='ocrx_word' id='word_1_116' title='bbox 128 2339 258 2400; x_wconf 78' lang='lat' dir='ltr'><strong>,miratur</strong></span> <span class='ocrx_word' id='word_1_117' title='bbox 271 2335 439 2409; x_wconf 66' lang='lat' dir='ltr'><strong>leonisius,</strong></span> <span class='ocrx_word' id='word_1_118' title='bbox 463 2339 643 2400; x_wconf 80' lang='lat' dir='ltr'><strong>cavillando</strong></span> <span class='ocrx_word' id='word_1_119' title='bbox 664 2337 812 2399; x_wconf 76' lang='lat' dir='ltr'><strong>ridentur</strong></span> <span class='ocrx_word' id='word_1_120' title='bbox 835 2352 918 2397; x_wconf 88' lang='lat' dir='ltr'><strong>esse.</strong></span> <span class='ocrx_word' id='word_1_121' title='bbox 953 2335 1075 2395; x_wconf 88' lang='lat' dir='ltr'><strong>Seneca</strong></span> <span class='ocrx_word' id='word_1_122' title='bbox 1098 2337 1182 2397; x_wconf 87' lang='lat' dir='ltr'><strong>cuim</strong></span> <span class='ocrx_word' id='word_1_123' title='bbox 1196 2338 1285 2398; x_wconf 85' lang='lat' dir='ltr'><strong>luxu-</strong></span> 
     </span>
     <span class='ocr_line' id='line_1_20' title="bbox 89 2435 1286 2518; baseline -0.002 -18"><span class='ocrx_word' id='word_1_124' title='bbox 89 2472 91 2489; x_wconf 87' lang='lat'>=</span> <span class='ocrx_word' id='word_1_125' title='bbox 142 2439 207 2500; x_wconf 85' lang='lat' dir='ltr'><strong>riam</strong></span> <span class='ocrx_word' id='word_1_126' title='bbox 238 2456 295 2518; x_wconf 83' lang='lat' dir='ltr'><strong>per</strong></span> <span class='ocrx_word' id='word_1_127' title='bbox 329 2457 438 2502; x_wconf 89' lang='lat' dir='ltr'><strong>omnes</strong></span> <span class='ocrx_word' id='word_1_128' title='bbox 469 2442 610 2502; x_wconf 90' lang='lat' dir='ltr'><strong>locorum</strong></span> <span class='ocrx_word' id='word_1_129' title='bbox 633 2439 889 2516; x_wconf 88' lang='lat' dir='ltr'><strong>opportunitates</strong></span> <span class='ocrx_word' id='word_1_130' title='bbox 924 2435 1057 2496; x_wconf 85' lang='lat' dir='ltr'><strong>diffundi</strong></span> <span class='ocrx_word' id='word_1_131' title='bbox 1080 2437 1131 2498; x_wconf 88' lang='lat' dir='ltr'><strong>his</strong></span> <span class='ocrx_word' id='word_1_132' title='bbox 1155 2446 1286 2514; x_wconf 88' lang='lat' dir='ltr'><strong>questus</strong></span> 
     </span>
     <span class='ocr_line' id='line_1_21' title="bbox 142 2531 1286 2618; baseline -0.002 -18"><span class='ocrx_word' id='word_1_133' title='bbox 142 2540 228 2617; x_wconf 80' lang='lat' dir='ltr'><strong>Epist.</strong></span> <span class='ocrx_word' id='word_1_134' title='bbox 252 2544 316 2604; x_wconf 50' lang='grc' dir='ltr'><strong>8ιιεἸ</strong></span> <span class='ocrx_word' id='word_1_135' title='bbox 351 2542 524 2618; x_wconf 80' lang='lat' dir='ltr'><strong>Quousque</strong></span> <span class='ocrx_word' id='word_1_136' title='bbox 558 2531 677 2603; x_wconf 59' lang='lat' dir='ltr'><strong>nullus⁴</strong></span> <span class='ocrx_word' id='word_1_137' title='bbox 701 2542 762 2602; x_wconf 90' lang='lat' dir='ltr'><strong>erit</strong></span> <span class='ocrx_word' id='word_1_138' title='bbox 799 2542 929 2610; x_wconf 89' lang='lat' dir='ltr'><strong>lacus,</strong></span> <span class='ocrx_word' id='word_1_139' title='bbox 964 2540 1015 2598; x_wconf 89' lang='lat' dir='ltr'><strong>cui</strong></span> <span class='ocrx_word' id='word_1_140' title='bbox 1048 2557 1110 2599; x_wconf 94' lang='lat' dir='ltr'><strong>non</strong></span> <span class='ocrx_word' id='word_1_141' title='bbox 1140 2541 1286 2601; x_wconf 86' lang='lat' dir='ltr'><strong>villarum</strong></span> 
     </span>
     <span class='ocr_line' id='line_1_22' title="bbox 146 2641 1286 2729; baseline 0.004 -31"><span class='ocrx_word' id='word_1_142' title='bbox 146 2650 305 2705; x_wconf 80' lang='lat' dir='ltr'><strong>uestrarum</strong></span> <span class='ocrx_word' id='word_1_143' title='bbox 333 2645 464 2722; x_wconf 75' lang='lat' dir='ltr'><strong>fastigia</strong></span> <span class='ocrx_word' id='word_1_144' title='bbox 499 2641 707 2706; x_wconf 84' lang='lat' dir='ltr'><strong>immineant?</strong></span> <span class='ocrx_word' id='word_1_145' title='bbox 745 2645 863 2704; x_wconf 91' lang='lat' dir='ltr'><strong>nullum</strong></span> <span class='ocrx_word' id='word_1_146' title='bbox 896 2643 1065 2729; x_wconf 70' lang='lat' dir='ltr'><strong>illimem</strong></span> <span class='ocrx_word' id='word_1_147' title='bbox 1099 2642 1189 2715; x_wconf 88' lang='lat' dir='ltr'><strong>cujus</strong></span> <span class='ocrx_word' id='word_1_148' title='bbox 1224 2661 1286 2703; x_wconf 93' lang='lat' dir='ltr'><strong>non</strong></span> 
     </span>
     <span class='ocr_line' id='line_1_23' title="bbox 146 2736 1289 2823; baseline 0.005 -23"><span class='ocrx_word' id='word_1_149' title='bbox 146 2736 219 2819; x_wconf 82' lang='lat' dir='ltr'><strong>ripas</strong></span> <span class='ocrx_word' id='word_1_150' title='bbox 241 2747 390 2807; x_wconf 88' lang='lat' dir='ltr'><strong>aedificia</strong></span> <span class='ocrx_word' id='word_1_151' title='bbox 412 2752 519 2807; x_wconf 82' lang='lat' dir='ltr'><strong>vestra</strong></span> <span class='ocrx_word' id='word_1_152' title='bbox 541 2744 753 2823; x_wconf 81' lang='lat' dir='ltr'><strong>praetexant?</strong></span> <span class='ocrx_word' id='word_1_153' title='bbox 777 2747 958 2821; x_wconf 90' lang='lat' dir='ltr'><strong>ubicunque</strong></span> <span class='ocrx_word' id='word_1_154' title='bbox 974 2747 1146 2806; x_wconf 56' lang='lat' dir='ltr'><strong>‘scatebunt</strong></span> <span class='ocrx_word' id='word_1_155' title='bbox 1169 2763 1289 2822; x_wconf 88' lang='lat' dir='ltr'><strong>aqua-</strong></span> 
     </span>
    </p>
   </div>
   <div class='ocr_carea' id='block_1_5' title="bbox 89 2847 1341 2920">
    <p class='ocr_par' dir='ltr' id='par_1_8' title="bbox 89 2847 1341 2920">
     <span class='ocr_line' id='line_1_24' title="bbox 89 2847 1341 2920; baseline 0.003 -16"><span class='ocrx_word' id='word_1_156' title='bbox 89 2892 92 2901; x_wconf 95' lang='lat'>.</span> <span class='ocrx_word' id='word_1_157' title='bbox 148 2861 213 2908; x_wconf 89' lang='lat' dir='ltr'><strong>rum</strong></span> <span class='ocrx_word' id='word_1_158' title='bbox 239 2850 410 2910; x_wconf 87' lang='lat' dir='ltr'><strong>calentium</strong></span> <span class='ocrx_word' id='word_1_159' title='bbox 442 2865 562 2920; x_wconf 88' lang='lat' dir='ltr'><strong>venae,</strong></span> <span class='ocrx_word' id='word_1_160' title='bbox 598 2850 644 2911; x_wconf 91' lang='lat' dir='ltr'><strong>ibi</strong></span> <span class='ocrx_word' id='word_1_161' title='bbox 673 2865 757 2910; x_wconf 86' lang='lat' dir='ltr'><strong>nova</strong></span> <span class='ocrx_word' id='word_1_162' title='bbox 786 2849 966 2910; x_wconf 86' lang='lat' dir='ltr'><strong>diversoria</strong></span> <span class='ocrx_word' id='word_1_163' title='bbox 994 2847 1140 2908; x_wconf 83' lang='lat' dir='ltr'><strong>luxuriae</strong></span> <span class='ocrx_word' id='word_1_164' title='bbox 1172 2849 1292 2919; x_wconf 53' lang='lat' dir='ltr'><strong>excita-2</strong></span> <span class='ocrx_word' id='word_1_165' title='bbox 1338 2875 1341 2880; x_wconf 57' lang='lat'>&lt;</span> 
     </span>
    </p>
   </div>
   <div class='ocr_carea' id='block_1_6' title="bbox 149 2946 1308 3028">
    <p class='ocr_par' dir='ltr' id='par_1_9' title="bbox 149 2946 1308 3028">
     <span class='ocr_line' id='line_1_25' title="bbox 149 2946 1308 3028; baseline 0.002 -24"><span class='ocrx_word' id='word_1_166' title='bbox 149 2946 269 3012; x_wconf 80' lang='lat' dir='ltr'><strong>buntur?</strong></span> <span class='ocrx_word' id='word_1_167' title='bbox 314 2951 505 3027; x_wconf 89' lang='lat' dir='ltr'><strong>Ubicunque</strong></span> <span class='ocrx_word' id='word_1_168' title='bbox 527 2953 558 3011; x_wconf 93' lang='lat' dir='ltr'><strong>in</strong></span> <span class='ocrx_word' id='word_1_169' title='bbox 583 2953 723 3028; x_wconf 84' lang='lat' dir='ltr'><strong>aliquem</strong></span> <span class='ocrx_word' id='word_1_170' title='bbox 744 2951 846 3011; x_wconf 88' lang='lat' dir='ltr'><strong>sinum</strong></span> <span class='ocrx_word' id='word_1_171' title='bbox 871 2951 991 3010; x_wconf 86' lang='lat' dir='ltr'><strong>littus</strong></span> <span class='ocrx_word' id='word_1_172' title='bbox 1014 2951 1206 3020; x_wconf 89' lang='lat' dir='ltr'><strong>curvabitur,</strong></span> <span class='ocrx_word' id='word_1_173' title='bbox 1232 2969 1308 3010; x_wconf 87' lang='lat' dir='ltr'><strong>vos¹</strong></span> 
     </span>
    </p>
   </div>
   <div class='ocr_carea' id='block_1_7' title="bbox 150 3050 1290 3233">
    <p class='ocr_par' dir='ltr' id='par_1_10' title="bbox 150 3050 1290 3233">
     <span class='ocr_line' id='line_1_26' title="bbox 150 3050 1290 3146; baseline 0.005 -40"><span class='ocrx_word' id='word_1_174' title='bbox 150 3053 277 3121; x_wconf 90' lang='lat' dir='ltr'><strong>protinus</strong></span> <span class='ocrx_word' id='word_1_175' title='bbox 301 3053 504 3114; x_wconf 77' lang='lat' dir='ltr'><strong>fundamenta</strong></span> <span class='ocrx_word' id='word_1_176' title='bbox 524 3051 651 3146; x_wconf 78' lang='lat' dir='ltr'><strong>iacietis</strong></span> <span class='ocrx_word' id='word_1_177' title='bbox 666 3088 708 3097; x_wconf 95' lang='lat'>-</span> <span class='ocrx_word' id='word_1_178' title='bbox 723 3053 869 3112; x_wconf 89' lang='lat' dir='ltr'><strong>omnibus</strong></span> <span class='ocrx_word' id='word_1_179' title='bbox 891 3051 967 3109; x_wconf 89' lang='lat' dir='ltr'><strong>licet</strong></span> <span class='ocrx_word' id='word_1_180' title='bbox 988 3050 1069 3110; x_wconf 90' lang='lat' dir='ltr'><strong>iocis</strong></span> <span class='ocrx_word' id='word_1_181' title='bbox 1084 3057 1169 3110; x_wconf 88' lang='lat' dir='ltr'><strong>tecta</strong></span> <span class='ocrx_word' id='word_1_182' title='bbox 1185 3059 1290 3112; x_wconf 88' lang='lat' dir='ltr'><strong>vestra</strong></span> 
     </span>
     <span class='ocr_line' id='line_1_27' title="bbox 151 3152 1289 3233; baseline 0.006 -23"><span class='ocrx_word' id='word_1_183' title='bbox 151 3153 323 3225; x_wconf 86' lang='lat' dir='ltr'><strong>splendeant</strong></span> <span class='ocrx_word' id='word_1_184' title='bbox 346 3156 465 3216; x_wconf 90' lang='lat' dir='ltr'><strong>alicubi</strong></span> <span class='ocrx_word' id='word_1_185' title='bbox 488 3156 639 3233; x_wconf 88' lang='lat' dir='ltr'><strong>imposita</strong></span> <span class='ocrx_word' id='word_1_186' title='bbox 660 3155 867 3216; x_wconf 88' lang='lat' dir='ltr'><strong>montibus</strong></span> <span class='ocrx_word' id='word_1_187' title='bbox 884 3152 1058 3213; x_wconf 89' lang='lat' dir='ltr'><strong>—alicubi</strong></span> <span class='ocrx_word' id='word_1_188' title='bbox 1082 3154 1114 3213; x_wconf 92' lang='lat' dir='ltr'><strong>in</strong></span> <span class='ocrx_word' id='word_1_189' title='bbox 1138 3156 1289 3231; x_wconf 88' lang='lat' dir='ltr'><strong>plano“</strong></span> 
     </span>
    </p>
   </div>
   <div class='ocr_carea' id='block_1_8' title="bbox 151 3256 1372 3336">
    <p class='ocr_par' dir='ltr' id='par_1_11' title="bbox 151 3256 1372 3336">
     <span class='ocr_line' id='line_1_28' title="bbox 151 3256 1372 3336; baseline 0.005 -23"><span class='ocrx_word' id='word_1_190' title='bbox 151 3266 239 3317; x_wconf 85' lang='lat' dir='ltr'><strong>nonne</strong></span> <span class='ocrx_word' id='word_1_191' title='bbox 271 3258 388 3319; x_wconf 90' lang='lat' dir='ltr'><strong>similis</strong></span> <span class='ocrx_word' id='word_1_192' title='bbox 420 3264 468 3317; x_wconf 88' lang='lat' dir='ltr'><strong>cst</strong></span> <span class='ocrx_word' id='word_1_193' title='bbox 501 3257 633 3318; x_wconf 85' lang='lat' dir='ltr'><strong>Horatio</strong></span> <span class='ocrx_word' id='word_1_194' title='bbox 664 3259 873 3319; x_wconf 83' lang='lat' dir='ltr'><strong>Romanorum</strong></span> <span class='ocrx_word' id='word_1_195' title='bbox 911 3256 1018 3316; x_wconf 89' lang='lat' dir='ltr'><strong>clades</strong></span> <span class='ocrx_word' id='word_1_196' title='bbox 1053 3272 1110 3332; x_wconf 89' lang='lat' dir='ltr'><strong>per</strong></span> <span class='ocrx_word' id='word_1_197' title='bbox 1138 3264 1291 3319; x_wconf 89' lang='lat' dir='ltr'><strong>terrarum</strong></span> <span class='ocrx_word' id='word_1_198' title='bbox 1368 3328 1372 3336; x_wconf 15' lang='lat' dir='ltr'>k</span> 
     </span>
    </p>
   </div>
   <div class='ocr_carea' id='block_1_9' title="bbox 89 3347 1295 3848">
    <p class='ocr_par' dir='ltr' id='par_1_12' title="bbox 89 3347 1295 3848">
     <span class='ocr_line' id='line_1_29' title="bbox 152 3347 1292 3439; baseline 0.007 -25"><span class='ocrx_word' id='word_1_199' title='bbox 152 3355 244 3420; x_wconf 86' lang='lat' dir='ltr'><strong>orbem</strong></span> <span class='ocrx_word' id='word_1_200' title='bbox 259 3362 360 3423; x_wconf 84' lang='lat' dir='ltr'><strong>factas</strong></span> <span class='ocrx_word' id='word_1_201' title='bbox 377 3361 425 3420; x_wconf 93' lang='lat' dir='ltr'><strong>sic</strong></span> <span class='ocrx_word' id='word_1_202' title='bbox 439 3360 620 3437; x_wconf 85' lang='lat' dir='ltr'><strong>complexo,</strong></span> <span class='ocrx_word' id='word_1_203' title='bbox 642 3365 676 3420; x_wconf 91' lang='lat' dir='ltr'><strong>ut</strong></span> <span class='ocrx_word' id='word_1_204' title='bbox 696 3365 729 3419; x_wconf 87' lang='lat' dir='ltr'><strong>et</strong></span> <span class='ocrx_word' id='word_1_205' title='bbox 744 3375 904 3434; x_wconf 86' lang='lat' dir='ltr'><strong>campos</strong></span> <span class='ocrx_word' id='word_1_206' title='bbox 927 3347 1075 3419; x_wconf 87' lang='lat' dir='ltr'><strong>Latino</strong></span> <span class='ocrx_word' id='word_1_207' title='bbox 1093 3363 1292 3439; x_wconf 84' lang='lat' dir='ltr'><strong>sanguine</strong></span> 
     </span>
     <span class='ocr_line' id='line_1_30' title="bbox 89 3446 1292 3539; baseline -0.001 -15"><span class='ocrx_word' id='word_1_208' title='bbox 89 3518 91 3524; x_wconf 83' lang='lat'><em>.</em></span> <span class='ocrx_word' id='word_1_209' title='bbox 151 3446 183 3529; x_wconf 79' lang='lat' dir='ltr'><strong>(V-</strong></span> <span class='ocrx_word' id='word_1_210' title='bbox 205 3461 256 3526; x_wconf 79' lang='lat'><strong>29.</strong></span> <span class='ocrx_word' id='word_1_211' title='bbox 278 3461 398 3524; x_wconf 79' lang='lat' dir='ltr'><strong>situl.</strong></span> <span class='ocrx_word' id='word_1_212' title='bbox 416 3462 489 3522; x_wconf 76' lang='grc'><strong>603.</strong></span> <span class='ocrx_word' id='word_1_213' title='bbox 513 3463 609 3523; x_wconf 45' lang='lat' dir='ltr'><strong>isid:</strong></span> <span class='ocrx_word' id='word_1_214' title='bbox 630 3463 718 3539; x_wconf 10' lang='lat' dir='ltr'><strong>‘Dum</strong></span> <span class='ocrx_word' id='word_1_215' title='bbox 743 3464 865 3523; x_wconf 84' lang='lat' dir='ltr'><strong>Cannas</strong></span> <span class='ocrx_word' id='word_1_216' title='bbox 888 3461 1040 3521; x_wconf 89' lang='lat' dir='ltr'><strong>tumulum</strong></span> <span class='ocrx_word' id='word_1_217' title='bbox 1064 3460 1292 3539; x_wconf 87' lang='lat' dir='ltr'><strong>Hesperiae</strong></span> 
     </span>
     <span class='ocr_line' id='line_1_31' title="bbox 146 3561 1294 3644; baseline 0.003 -22"><span class='ocrx_word' id='word_1_218' title='bbox 146 3565 385 3643; x_wconf 72' lang='lat' dir='ltr'><strong>ctimpumque</strong></span> <span class='ocrx_word' id='word_1_219' title='bbox 420 3581 565 3626; x_wconf 90' lang='lat' dir='ltr'><strong>cruore</strong></span> <span class='ocrx_word' id='word_1_220' title='bbox 604 3566 784 3626; x_wconf 85' lang='lat' dir='ltr'><strong>Ausonio</strong></span> <span class='ocrx_word' id='word_1_221' title='bbox 824 3582 962 3625; x_wconf 87' lang='lat' dir='ltr'><strong>mersum</strong></span> <span class='ocrx_word' id='word_1_222' title='bbox 998 3564 1143 3626; x_wconf 79' lang='lat' dir='ltr'><strong>sublimis</strong></span> <span class='ocrx_word' id='word_1_223' title='bbox 1172 3561 1294 3644; x_wconf 81' lang='lat' dir='ltr'><strong>iapyga</strong></span> 
     </span>
     <span class='ocr_line' id='line_1_32' title="bbox 142 3663 1295 3748; baseline 0.003 -26"><span class='ocrx_word' id='word_1_224' title='bbox 142 3663 304 3742; x_wconf 74' lang='lat' dir='ltr'><strong>cerutram‘⁴)</strong></span> <span class='ocrx_word' id='word_1_225' title='bbox 337 3667 514 3744; x_wconf 89' lang='lat' dir='ltr'><strong>pingues</strong></span> <span class='ocrx_word' id='word_1_226' title='bbox 543 3663 681 3748; x_wconf 87' lang='lat' dir='ltr'><strong>(Mitsch.</strong></span> <span class='ocrx_word' id='word_1_227' title='bbox 713 3669 832 3744; x_wconf 76' lang='lat' dir='ltr'><strong>pecs.</strong></span> <span class='ocrx_word' id='word_1_228' title='bbox 858 3667 1095 3729; x_wconf 70' lang='lat' dir='ltr'><strong>Siciliam:</strong></span> <span class='ocrx_word' id='word_1_229' title='bbox 1129 3668 1295 3729; x_wconf 89' lang='lat' dir='ltr'><strong>uberior</strong></span> 
     </span>
     <span class='ocr_line' id='line_1_33' title="bbox 139 3747 1293 3848; baseline -0.002 -20"><span class='ocrx_word' id='word_1_230' title='bbox 139 3747 254 3848; x_wconf 62' lang='lat' dir='ltr'><strong>Rutulo</strong></span> <span class='ocrx_word' id='word_1_231' title='bbox 294 3787 378 3831; x_wconf 90' lang='lat' dir='ltr'><strong>nunc</strong></span> <span class='ocrx_word' id='word_1_232' title='bbox 417 3769 622 3846; x_wconf 89' lang='lat' dir='ltr'><strong>sanguine</strong></span> <span class='ocrx_word' id='word_1_233' title='bbox 661 3770 839 3845; x_wconf 87' lang='lat' dir='ltr'><strong>Thapsus.“</strong></span> <span class='ocrx_word' id='word_1_234' title='bbox 888 3751 1015 3846; x_wconf 86' lang='lat' dir='ltr'><strong>Coripp.</strong></span> <span class='ocrx_word' id='word_1_235' title='bbox 1048 3772 1095 3831; x_wconf 84' lang='lat' dir='ltr'><strong>Jo.</strong></span> <span class='ocrx_word' id='word_1_236' title='bbox 1131 3769 1179 3828; x_wconf 91' lang='lat' dir='ltr'><strong>ill.</strong></span> <span class='ocrx_word' id='word_1_237' title='bbox 1216 3768 1293 3830; x_wconf 78' lang='lat'>295:</span> 
     </span>
    </p>
   </div>
   <div class='ocr_carea' id='block_1_10' title="bbox 132 3853 1332 3955">
    <p class='ocr_par' dir='ltr' id='par_1_13' title="bbox 132 3853 1332 3955">
     <span class='ocr_line' id='line_1_34' title="bbox 132 3853 1332 3955; baseline 0.003 -30"><span class='ocrx_word' id='word_1_238' title='bbox 132 3853 418 3948; x_wconf 73' lang='lat' dir='ltr'><strong>Pinguescant</strong></span> <span class='ocrx_word' id='word_1_239' title='bbox 442 3869 645 3947; x_wconf 89' lang='lat' dir='ltr'><strong>sanguine</strong></span> <span class='ocrx_word' id='word_1_240' title='bbox 668 3870 842 3955; x_wconf 86' lang='lat' dir='ltr'><strong>campi-“)</strong></span> <span class='ocrx_word' id='word_1_241' title='bbox 865 3877 1125 3931; x_wconf 90' lang='lat' dir='ltr'><strong>commemoraret</strong></span> <span class='ocrx_word' id='word_1_242' title='bbox 1149 3877 1179 3929; x_wconf 89' lang='lat' dir='ltr'><strong>et</strong></span> <span class='ocrx_word' id='word_1_243' title='bbox 1204 3887 1295 3930; x_wconf 92' lang='lat' dir='ltr'><strong>oras</strong></span> <span class='ocrx_word' id='word_1_244' title='bbox 1327 3901 1332 3906; x_wconf 84' lang='lat'><em>-</em></span> 
     </span>
    </p>
   </div>
   <div class='ocr_carea' id='block_1_11' title="bbox 127 3963 1295 4058">
    <p class='ocr_par' dir='ltr' id='par_1_14' title="bbox 127 3963 1295 4058">
     <span class='ocr_line' id='line_1_35' title="bbox 127 3963 1295 4058; baseline 0 -28"><span class='ocrx_word' id='word_1_245' title='bbox 127 3963 157 4058; x_wconf 54' lang='lat'><strong>{¹⁰</strong></span> <span class='ocrx_word' id='word_1_246' title='bbox 189 3968 391 4051; x_wconf 80' lang='lat' dir='ltr'><strong>gurgites</strong></span> <span class='ocrx_word' id='word_1_247' title='bbox 413 3973 654 4048; x_wconf 85' lang='lat' dir='ltr'><strong>fluminaque</strong></span> <span class='ocrx_word' id='word_1_248' title='bbox 684 3979 717 4032; x_wconf 91' lang='lat' dir='ltr'><strong>et</strong></span> <span class='ocrx_word' id='word_1_249' title='bbox 744 3974 868 4034; x_wconf 90' lang='lat' dir='ltr'><strong>maria</strong></span> <span class='ocrx_word' id='word_1_250' title='bbox 896 3969 1161 4033; x_wconf 81' lang='lat' dir='ltr'><strong>decolorata?</strong></span> <span class='ocrx_word' id='word_1_251' title='bbox 1206 3971 1295 4041; x_wconf 88' lang='lat' dir='ltr'><strong>Quod</strong></span> 
     </span>
    </p>
   </div>
   <div class='ocr_carea' id='block_1_12' title="bbox 125 4063 1336 4151">
    <p class='ocr_par' dir='ltr' id='par_1_15' title="bbox 125 4063 1336 4151">
     <span class='ocr_line' id='line_1_36' title="bbox 125 4063 1336 4151; baseline 0.002 -20"><span class='ocrx_word' id='word_1_252' title='bbox 125 4063 246 4134; x_wconf 74' lang='lat' dir='ltr'><strong>¹P8um</strong></span> <span class='ocrx_word' id='word_1_253' title='bbox 270 4077 457 4137; x_wconf 87' lang='lat' dir='ltr'><strong>vocabulum</strong></span> <span class='ocrx_word' id='word_1_254' title='bbox 495 4075 656 4137; x_wconf 89' lang='lat' dir='ltr'><strong>invenitur</strong></span> <span class='ocrx_word' id='word_1_255' title='bbox 685 4083 869 4151; x_wconf 90' lang='lat' dir='ltr'><strong>usurpatum</strong></span> <span class='ocrx_word' id='word_1_256' title='bbox 899 4091 918 4133; x_wconf 90' lang='lat' dir='ltr'><strong>a</strong></span> <span class='ocrx_word' id='word_1_257' title='bbox 948 4071 1081 4132; x_wconf 86' lang='lat' dir='ltr'><strong>Sidonio</strong></span> <span class='ocrx_word' id='word_1_258' title='bbox 1111 4073 1295 4149; x_wconf 82' lang='lat' dir='ltr'><strong>Apollinare</strong></span> <span class='ocrx_word' id='word_1_259' title='bbox 1332 4114 1336 4118; x_wconf 91' lang='lat'><em>-</em></span> 
     </span>
    </p>
   </div>
   <div class='ocr_carea' id='block_1_13' title="bbox 121 4145 1297 4367">
    <p class='ocr_par' dir='ltr' id='par_1_16' title="bbox 121 4145 1297 4367">
     <span class='ocr_line' id='line_1_37' title="bbox 121 4145 1296 4259; baseline 0.003 -27"><span class='ocrx_word' id='word_1_260' title='bbox 121 4145 243 4235; x_wconf 60' lang='lat' dir='ltr'><strong>Epist.</strong></span> <span class='ocrx_word' id='word_1_261' title='bbox 266 4179 287 4236; x_wconf 90' lang='lat' dir='ltr'><strong>l.</strong></span> <span class='ocrx_word' id='word_1_262' title='bbox 314 4181 347 4240; x_wconf 85' lang='lat'><strong>5:</strong></span> <span class='ocrx_word' id='word_1_263' title='bbox 371 4178 460 4236; x_wconf 92' lang='lat' dir='ltr'><strong>acsi</strong></span> <span class='ocrx_word' id='word_1_264' title='bbox 485 4175 674 4259; x_wconf 85' lang='lat' dir='ltr'><strong>(Metaurus)</strong></span> <span class='ocrx_word' id='word_1_265' title='bbox 697 4178 793 4236; x_wconf 89' lang='lat' dir='ltr'><strong>etiarn</strong></span> <span class='ocrx_word' id='word_1_266' title='bbox 817 4174 1089 4235; x_wconf 86' lang='lat' dir='ltr'><strong>nuncDalmatico</strong></span> <span class='ocrx_word' id='word_1_267' title='bbox 1114 4175 1181 4234; x_wconf 90' lang='lat' dir='ltr'><strong>salo</strong></span> <span class='ocrx_word' id='word_1_268' title='bbox 1207 4175 1296 4235; x_wconf 88' lang='lat' dir='ltr'><strong>cada-</strong></span> 
     </span>
     <span class='ocr_line' id='line_1_38' title="bbox 122 4263 1297 4367; baseline 0.027 -64"><span class='ocrx_word' id='word_1_269' title='bbox 122 4263 225 4333; x_wconf 78' lang='lat' dir='ltr'><strong>vera</strong></span> <span class='ocrx_word' id='word_1_270' title='bbox 246 4278 488 4367; x_wconf 83' lang='lat' dir='ltr'><strong>sanguinolenta</strong></span> <span class='ocrx_word' id='word_1_271' title='bbox 516 4277 779 4338; x_wconf 91' lang='lat' dir='ltr'><strong>decoloratis</strong></span> <span class='ocrx_word' id='word_1_272' title='bbox 808 4273 1045 4356; x_wconf 84' lang='lat' dir='ltr'><strong>gurgitibus</strong></span> <span class='ocrx_word' id='word_1_273' title='bbox 1074 4275 1234 4335; x_wconf 83' lang='lat' dir='ltr'><strong>inferret“</strong></span> <span class='ocrx_word' id='word_1_274' title='bbox 1260 4278 1297 4338; x_wconf 86' lang='lat' dir='ltr'><strong>cl.</strong></span> 
     </span>
    </p>
   </div>
   <div class='ocr_carea' id='block_1_14' title="bbox 1091 4372 1138 4439">
    <p class='ocr_par' dir='ltr' id='par_1_17' title="bbox 1091 4372 1138 4439">
     <span class='ocr_line' id='line_1_39' title="bbox 1091 4372 1138 4439; baseline 0 -35"><span class='ocrx_word' id='word_1_275' title='bbox 1091 4372 1138 4439; x_wconf 55' lang='lat'><strong>⁸*</strong></span> 
     </span>
    </p>
   </div>
   <div class='ocr_carea' id='block_1_15' title="bbox 1322 4544 1371 4592">
    <p class='ocr_par' dir='ltr' id='par_1_18' title="bbox 1322 4544 1371 4592">
     <span class='ocr_line' id='line_1_40' title="bbox 1322 4544 1371 4592; baseline 0 0"><span class='ocrx_word' id='word_1_276' title='bbox 1322 4544 1371 4592; x_wconf 61' lang='lat' dir='ltr'><em>A</em></span> 
     </span>
    </p>
   </div>
   <div class='ocr_carea' id='block_1_16' title="bbox 0 0 1435 4866">
    <p class='ocr_par' dir='ltr' id='par_1_19' title="bbox 0 0 1435 4866">
     <span class='ocr_line' id='line_1_41' title="bbox 0 0 1435 4866; baseline 0 0"><span class='ocrx_word' id='word_1_277' title='bbox 0 0 1435 4866; x_wconf 95' lang='lat' dir='ltr'><strong> </strong></span> 
     </span>
    </p>
   </div>
  </div>
 </body>
</html>
