2806 4866
620 272 662 341 tt

49 450 178 510 melius
216 445 352 507 iecisse:
393 446 540 522 spissa.
601 444 738 515 Quorum
773 455 918 509 neutrum
951 466 991 510 ne
1019 447 1224 509 mediocriter

51 553 193 629 quidem
216 552 328 628 placet.
375 547 428 609 Sic
451 548 536 608 enim
559 549 723 609 institutus
748 566 851 612 rerum
874 553 952 612 ordo
974 553 1062 622 tulit,
1094 557 1127 611 ut
1151 566 1222 626 pro-

53 656 130 734 prie
165 662 197 714 et
220 653 371 712 distincta
395 650 607 722 indicaretur,
644 653 752 727 qualia
775 654 830 714 illa
854 662 961 714 essent
987 654 1151 716 Calabriae
1176 671 1222 714 ar-

53 765 177 820 menta.
239 755 333 831 Apud
370 755 527 814 Romanos
564 761 669 815 autem
705 757 783 817 nulli
818 775 955 833 unquam
993 756 1221 832 triumphorum

59 858 246 937 celebritati
276 864 329 917 aut
359 857 495 917 solemni
522 857 652 917 deorum
684 859 857 933 placationi
887 861 1031 920 defuisse
1055 860 1143 920 illius
1167 875 1221 936 ge-

57 962 152 1026 neris
174 962 266 1038 quasi
290 958 445 1035 quandam
470 959 685 1022 necessariam
708 963 748 1023 ad
770 964 970 1024 sanctitatem
990 963 1221 1032 accessionem,

56 1066 150 1144 quod
174 1066 206 1125 in
229 1063 363 1124 Faliscis
392 1069 445 1123 aut
474 1063 615 1124 Calabris
647 1065 798 1126 nutritum
821 1073 853 1126 et
876 1066 1043 1128 candidum
1075 1072 1161 1126 esset
1191 1072 1223 1126 et

55 1171 226 1238 intactum,
263 1167 335 1242 quis
360 1172 410 1225 est
434 1165 509 1241 quin
534 1168 715 1229 auctoribus
742 1170 793 1228 vel
818 1170 918 1231 Corda
940 1170 1026 1247 Virg.
1051 1170 1164 1247 Georg.
1188 1169 1223 1230 ll.

59 1273 125 1333 146
158 1290 187 1348 p.
212 1271 272 1330 312
296 1285 341 1345 sq.
400 1270 581 1345 Tiraquello
614 1271 702 1332 Alex.
739 1273 775 1332 ab
807 1273 896 1334 Alex.
930 1273 1007 1333 Gen.
1036 1274 1072 1334 D.
1103 1272 1152 1333 lll.
1185 1274 1219 1335 11

59 1392 92 1450 p.
116 1377 190 1434 690.
234 1373 405 1433 Wouwero
429 1373 552 1433 Patron.
579 1375 639 1435 105
670 1392 699 1450 p.
717 1374 778 1433 628
796 1392 841 1449 sq.
866 1381 1061 1452 compertum
1083 1371 1224 1436 habeat?

61 1477 152 1549 Quae
169 1473 287 1536 laudes
310 1474 391 1536 adeo
415 1493 477 1535 nou
499 1483 672 1550 potuerunt
700 1479 863 1553 separari,
892 1485 927 1538 ut
949 1477 1033 1555 apud
1057 1477 1223 1555 Virgilium

58 1584 145 1642 Aen.
168 1579 219 1638 Vl.
246 1579 284 1638 38
316 1578 347 1637 in
378 1578 481 1638 locum
513 1579 662 1639 intacti
692 1581 802 1657 gregis
825 1581 985 1640 niveum
1014 1596 1143 1658 gregem
1168 1581 1223 1640 im-

57 1683 206 1763 prudens
230 1679 393 1741 suificeret
416 1681 593 1743 Macrobius
616 1683 679 1743 Sat.
698 1682 746 1742 lV.
762 1684 789 1743 2.
836 1682 911 1742 lnde
935 1683 1093 1760 suspicari
1116 1684 1223 1753 subiit,

57 1786 185 1864 quoda
206 1789 316 1844 vetere
338 1790 522 1844 enarratore
544 1785 739 1861 adscriptum
761 1785 893 1845 fuisset:
919 1791 1080 1846 cretata
1104 1792 1224 1860 (notum

61 1891 154 1950 euim
176 1887 255 1949 illud
277 1887 409 1947 Lucilii:
445 1889 721 1962 cretatumque
750 1889 893 1947 bovem
917 1885 1009 1946 duci
1031 1887 1080 1947 ad
1104 1886 1222 1962 Copi-

59 1989 233 2057 teliaci
256 1991 354 2052 Cram.
380 1991 485 2050 Schol.
510 1992 620 2050 luveu.
638 1989 674 2048 ll.
689 1990 729 2049 db
754 2008 783 2066 p.
797 1987 892 2074 389),
924 1990 956 2050 id
980 1989 1011 2050 in
1034 1989 1138 2066 ipsum
1154 2005 1223 2050 ver-

64 2097 179 2155 borum
198 2092 339 2154 ordinem
362 2093 484 2153 illatum
508 2109 583 2152 esse
606 2109 644 2153 ea
667 2093 798 2155 levitate
828 2099 861 2154 et
889 2093 1085 2153 imminutum
1116 2088 1225 2175 (orata

62 2194 259 2280 Calabriae)
296 2201 326 2254 et
356 2200 507 2257 mutatum
544 2199 690 2275 (creta:
722 2197 879 2280 grata),
915 2195 1005 2268 cujus
1034 2196 1223 2257 documento

58 2306 196 2379 praeter
218 2297 300 2360 alios
323 2299 433 2368 laeua,
465 2315 545 2373 quos
570 2299 601 2357 in
624 2299 772 2359 Emendd.
796 2299 886 2375 Prop.
911 2301 945 2357 V.
970 2301 988 2359 2
1015 2300 1224 2376 proferemus,

59 2409 138 2464 sunt
163 2412 277 2475 uersus
302 2400 469 2461 Claudiani
495 2401 586 2477 Nupt.
612 2401 691 2461 Hou.
708 2401 784 2461 303:
809 2407 952 2479 gratae
975 2400 1102 2462 rediere
1126 2401 1223 2460 vices.

59 2505 159 2566 Wott.
183 2506 219 2563 V.
246 2507 277 2565 L.
304 2507 454 2580 Antverp.
480 2508 574 2564 ctae
598 2511 630 2565 et
653 2504 771 2565 Lucani
795 2502 844 2565 lll.
869 2505 931 2568 ata
955 2506 1119 2565 certior.
1134 2505 1224 2564 Barb.

63 2609 243 2684 gratior,
270 2609 309 2668 ab
333 2607 425 2667 initio
449 2613 554 2667 autem
578 2622 688 2667 vocem
711 2608 793 2668 hanc
815 2609 1033 2686 consignatam
1056 2607 1174 2668 luisse:

304 2745 384 2805 lton
410 2752 635 2806 aestuosae
657 2744 767 2808 intacta
791 2747 1006 2807 Calabriae

303 2850 514 2916 Armenta,

58 2994 93 3048 at
121 2975 214 3062 'apud
241 2985 411 3063 Virgilium
442 2986 460 3044 l.
485 2986 530 3045 d.:
566 3001 664 3063 grege
695 2984 735 3043 de
760 2984 948 3045 intacto.“
993 2983 1104 3044 Maluit
1128 2983 1224 3060 igitur

58 3089 215 3150 Horatius
246 3095 280 3148 ut
302 3088 401 3165 Epod.
424 3088 473 3148 lll.
499 3090 555 3149 al:
594 3098 628 3148 tu
657 3087 790 3148 moraris
820 3104 935 3148 aureos
965 3089 1079 3148 Currus
1112 3093 1143 3145 et
1167 3087 1224 3145 in·

59 3200 199 3253 tactas
223 3194 364 3262 boves“,
394 3193 440 3252 ita
463 3192 495 3251 in
518 3193 580 3252 hoc
603 3193 674 3251 loco
699 3192 879 3251 intactas
902 3193 1002 3252 boues
1026 3190 1224 3267 praedicare,

61 3294 240 3355 candida
277 3300 459 3354 armenta
495 3294 686 3354 Claudianus
715 3291 766 3353 Vl.
790 3295 821 3352 C.
852 3292 930 3352 Hon.
956 3294 1033 3354 506:
1076 3293 1225 3353 Clitumni

62 3415 173 3458 sacras
196 3398 372 3458 victoribus
395 3396 514 3466 undas,
538 3396 679 3457 Candida
702 3411 784 3471 quae
798 3394 899 3456 Latiis
915 3398 1067 3470 praebent
1084 3401 1225 3456 armento

63 3500 270 3576 triumphis“
327 3499 446 3570 Quibus
485 3500 581 3558 rebus
621 3497 793 3573 exquisitis
824 3497 951 3558 uidetur
983 3498 1034 3556 vel
1065 3499 1126 3558 hoc
1149 3498 1224 3559 llei-

62 3604 164 3664 nekio
190 3602 432 3680 praeferendum
456 3601 571 3661 luisse:
597 3603 707 3661 clara
729 3599 781 3681 (ci.
805 3601 900 3661 Gron.
920 3599 991 3660 Sen.
1011 3599 1100 3661 Mori.
1117 3600 1223 3661 Claud.

63 3724 91 3781 p.
107 3707 178 3765 344.
225 3705 386 3765 Claudian.
410 3705 444 3767 B.
469 3704 537 3764 Get.
556 3705 616 3765 350
641 3705 949 3764 1·araCeres.lun.
974 3704 1092 3764 clara.
1125 3704 1224 3761 Onon.

65 3809 195 3868 cruda.
239 3808 345 3884 Epith.
370 3807 446 3868 Pall.
469 3809 526 3868 bb:
559 3814 675 3884 grata
704 3814 871 3876 senectnS,
909 3806 994 3882 quod
1024 3805 1225 3866 antefuisse

65 3912 189 3972 cruda
210 3910 358 3971 Emendd.
376 3911 467 3986 Prop.
491 3912 510 3970 l.
528 3911 555 3969 d.
580 3910 779 3988 docebimus)
802 3911 854 3968 vel
881 3926 997 3968 sacra
1018 3910 1118 3966 Burm.
1135 3904 1224 3964 ovid.

64 4013 117 4090 Ep.
143 4013 222 4072 xxi.
248 4015 282 4074 91
312 4031 340 4089 p.
359 4014 429 4073 312.

151 4253 271 4316 Simile.
287 4253 435 4331 quiddam
459 4253 616 4331 suspicari
640 4255 713 4315 licet
741 4254 780 4312 de
805 4252 943 4311 carmine
966 4251 986 4310 l.
1012 4253 1063 4323 20,
1092 4254 1136 4311 td:
