2806 4866
650 299 716 373 108

106 491 180 536 eum
202 473 356 562 stabilire·
371 487 467 550 posse
492 472 554 531 visi
576 490 683 535 sumus
706 472 944 547 comparatione
968 472 1088 533 eroani
1110 472 1160 532 lll.
1183 475 1255 534 tut:

106 578 256 637 multus
283 593 341 637 sua
364 576 495 636 vulnera
523 578 625 653 puppi
648 577 760 638 Allixit
789 576 954 636 morien's“
988 572 1096 657 (quem
1119 578 1222 638 locum
1242 598 1258 639 a

107 679 309 755 Bernhardyo
335 682 457 738 erutum
480 679 603 739 sublato
626 679 823 754 Bernhardyi
847 679 975 738 nomine
999 679 1257 740 Breitenbacbius

106 782 209 842 attulit
240 781 398 842 immerito
428 779 490 852 jam
522 781 666 842 laudatus
696 783 734 842 ab
757 779 903 858 Hoeggio
934 782 1107 841 Comment.
1139 782 1180 841 de
1207 785 1257 843 ali-

106 888 184 960 quot
219 882 342 943 Horatii
379 881 570 944 carminibus
601 884 692 944 1862.
725 884 829 961 Progr.
867 884 1035 961 Arusberg.
1074 904 1103 960 p.
1127 885 1197 968 XX)
1230 894 1259 946 et

105 987 296 1048 Graecorum
320 985 508 1061 scriptorum
530 984 572 1046 iis
595 986 772 1062 exemplis,
803 987 918 1062 quibus
942 1005 971 1061 p.
989 987 1047 1045 att
1074 991 1258 1063 compositis

105 1087 223 1149 addere
252 1087 328 1147 licet
355 1085 460 1147 Nonni
490 1102 617 1146 versum
639 1086 688 1147 vl.
713 1089 791 1148 280:
825 1083 925 1162 πολὺς
952 1088 987 1150 ‹la'
1014 1110 1061 1162 τις
1089 1084 1188 1161 ἄλλος
1210 1087 1258 1154 ἐπ’

105 1185 192 1273 ἄλλῳ
215 1184 348 1251 moleto
370 1183 555 1270 superorare
579 1191 665 1263 νέκυς
686 1183 906 1272 πεφυρημένος
928 1182 1014 1274 ὁλκῷ
1035 1193 1192 1254 aLubino
1217 1196 1259 1254 sic

107 1292 263 1352 redditum
287 1307 316 1365 p.
339 1292 413 1352 195:
444 1292 643 1367 plurimus
673 1309 750 1353 vero
780 1293 863 1352 alius
884 1308 980 1369 super
1003 1293 1099 1353 alium
1125 1299 1259 1368 natabat,

106 1395 261 1455 lluctuoso
285 1399 425 1453 mortuus
448 1393 531 1454 latus
554 1400 686 1455 tractu.“
732 1395 795 1464 Sed
818 1401 851 1454 ut
875 1396 1086 1456 certissimum
1100 1398 1155 1469 sit,
1179 1401 1259 1474 quod

106 1495 152 1557 sic
176 1510 304 1571 quoqne
326 1495 453 1557 dubium
478 1502 542 1556 est:
566 1512 695 1557 manere
720 1498 752 1557 in
777 1514 816 1558 ea
839 1499 999 1558 sententia
1022 1517 1084 1558 non
1110 1501 1188 1560 licet
1210 1504 1260 1561 vel

104 1603 292 1676 propterea,
316 1596 401 1673 quod
424 1597 493 1674 ipsa
507 1613 559 1656 res
575 1597 715 1660 declarat
738 1617 956 1677 paucorum
978 1602 1143 1662 hominum
1161 1603 1259 1663 fuisse

104 1718 174 1762 eam
196 1701 337 1769 turbam,
367 1715 449 1775 quae
471 1717 586 1777 magno
609 1701 742 1763 lunonis
773 1705 895 1764 honore
926 1704 1104 1763 duceretur.
1152 1705 1259 1781 ltaque

105 1803 239 1880 reliquis
263 1802 392 1882 omissis
413 1803 476 1863 hoc
497 1803 620 1863 tenenti
643 1803 910 1880 defendentique:
933 1807 972 1865 ab
996 1804 1129 1867 Horatio
1156 1810 1259 1872 habita

105 1908 229 1969 ratione
258 1913 290 1966 et
320 1907 440 1975 lamae,
475 1922 537 1980 qua
566 1913 631 1966 tum
659 1923 761 1982 equus
791 1905 926 1977 Sejanus
957 1909 1192 1980 celebraretur,
1229 1920 1259 1972 et

105 2027 232 2080 eorum,
254 2027 336 2086 quos
358 2009 525 2085 pulverem
548 2009 745 2085 Olympicum
767 2009 925 2070 curriculo
948 2011 1104 2087 colligere
1124 2011 1256 2084 juvaret,

103 2119 309 2192 memoratum
331 2125 406 2170 esse
429 2111 463 2170 id
485 2111 639 2171 nobilium
661 2111 822 2171 bominum
846 2127 965 2188 genus,
989 2112 1074 2186 quod
1096 2115 1177 2174 miro
1192 2133 1254 2176 cum

104 2214 210 2275 studio
232 2214 352 2274 coleret
373 2214 445 2272 loca
467 2228 557 2272 sacra
578 2211 692 2272 lunoni
724 2213 917 2287 equestri
951 2213 1120 2289 eidemque
1147 2234 1250 2294 rega-

104 2319 159 2379 lis
183 2316 353 2393 potestatis
382 2315 521 2384 auctori,
552 2314 676 2375 acriora
705 2331 779 2376 cura
808 2317 1002 2392 exploranda
1029 2325 1079 2379 est
1108 2320 1249 2381 librorum

105 2421 160 2483 illa
190 2419 356 2480 memoria:
392 2419 547 2494 plurimus
582 2419 614 2478 iu
645 2418 777 2479 lunonis
803 2418 1028 2479 honorem.“
1085 2421 1184 2492 Quam
1206 2423 1249 2498 qui

103 2537 205 2600 nuper
227 2521 260 2581 in
283 2522 364 2582 banc
387 2521 578 2581 sententiam
601 2520 791 2597 explicavit:
813 2521 870 2595 qui
894 2522 926 2580 irl
948 2522 1081 2583 lunonis
1107 2526 1248 2591 bonorem

103 2624 270 2685 maxime
291 2622 481 2682 intentus
504 2629 581 2690 est,
615 2625 717 2700 Argos
740 2622 887 2692 laudat“,
917 2642 976 2684 suo
1008 2642 1096 2686 more
1126 2629 1247 2705 optarit,

103 2745 165 2788 non
194 2724 318 2796 docuit3
348 2724 403 2799 qui
432 2730 536 2784 autam
567 2725 629 2785 hoc
659 2724 751 2786 modo
780 2725 999 2787 immutarunt:
1038 2729 1191 2803 plurimus
1223 2729 1247 2788 in

102 2827 235 2889 lunonis
271 2826 449 2895 honore“,
486 2827 721 2904 cuninghamus
750 2833 782 2886 at
813 2827 1058 2905 Oudendorpius
1081 2847 1123 2890 na
1147 2849 1244 2893 eorum

101 2917 230 3008 onmem
253 2929 405 2998 locorum,
427 2928 604 3005 dequibus
626 2929 788 3007 suprattv
811 2931 891 3008 p.*3t
920 2930 1070 3002 diximus,
1094 2935 1245 2995 mentione

102 3035 185 3096 lacta
206 3033 313 3094 levius
333 3031 537 3107 orraesivisse
559 3031 640 3093 vitio
663 3033 877 3094 velamentum
900 3032 1066 3104 videntur,
1095 3035 1168 3095 sive
1190 3053 1244 3096 rem

101 3136 242 3197 divinam
264 3135 316 3195 vis
338 3134 477 3212 intelligi
500 3131 549 3215 (ut
572 3134 631 3195 Sil.
644 3134 720 3194 vlll.
734 3135 792 3194 ta:
822 3134 906 3195 inter
927 3137 1035 3196 Latios
1058 3139 1170 3199 Annae
1194 3143 1244 3198 stet

101 3254 217 3300 numan
251 3238 440 3298 honores
488 3236 552 3303 vlt
584 3238 662 3297 tat:
705 3237 822 3299 Vestae
858 3237 1020 3315 decerpsit
1055 3240 1246 3301 honorem·

100 3340 206 3402 Barth.
229 3337 305 3400 Stat
327 3339 424 3400 Theb.
447 3340 498 3399 rt.
523 3341 583 3401 att
616 3358 645 3416 p.
660 3341 752 3402 1295.
785 3341 881 3401 Drah.
904 3339 959 3400 Sil.
986 3340 1047 3400 Vll.
1070 3344 1112 3402 co
1150 3361 1180 3419 p.
1198 3344 1246 3402 tlt

102 3442 139 3502 ol.
162 3441 254 3518 Valg.
282 3460 314 3518 p.
332 3442 393 3502 318
407 3440 470 3524 sq.)
507 3442 579 3502 sive
609 3442 821 3503 reverentiam
857 3441 947 3524 (Stat.
971 3444 1068 3503 Theb.
1092 3445 1157 3504 llll.
1180 3447 1245 3507 aba:

101 3545 130 3605 si
145 3544 218 3620 quis
235 3543 288 3604 Est
311 3543 491 3606 lunonis
513 3545 652 3605 honos.
674 3544 912 3605 Valillacclll.
925 3546 982 3605 td:
1005 3563 1122 3622 magno
1137 3545 1245 3608 Phoebi

102 3652 277 3709 commotus
303 3646 467 3707 honore.
503 3644 574 3706 ltin.
596 3648 686 3708 Alex.
711 3646 750 3706 ⁴2
787 3648 891 3723 p.2d:
928 3649 1021 3723 pauci
1052 3648 1084 3708 in
1112 3648 1245 3710 Herculis

103 3748 223 3824 templo
259 3745 379 3823 reperti
414 3748 566 3808 honore
600 3749 778 3810 numinis
812 3750 1018 3825 sospitantur.
1068 3751 1129 3810 lul.
1152 3752 1244 3812 Valer.

101 3850 186 3911 Gest.
210 3850 301 3910 Alex.
316 3849 337 3907 l.
358 3849 398 3908 aa
420 3867 451 3925 p.
466 3849 522 3908 St:
549 3850 644 3911 condi
666 3852 791 3912 Thebas
814 3865 890 3909 esse
913 3850 1104 3926 permissum
1127 3854 1165 3913 in
1187 3855 1243 3912 bo-

101 3966 198 4012 nore
219 3951 313 4012 trium
334 3949 498 4011 deorum.“
528 3951 617 4030 Valg.
641 3971 671 4030 p.
695 3953 757 4033 380
780 3951 875 4036 sqq).
927 3955 1032 4024 Quare
1062 3969 1103 4014 ao
1127 3955 1243 4014 inclinat

99 4052 268 4123 iudicium,
308 4059 341 4113 ut
369 4051 516 4114 librarios
547 4054 729 4116 existimem
757 4056 957 4116 assuefactos
985 4074 1047 4115 usu
1076 4073 1188 4117 vocum
1213 4053 1242 4111 in

101 4152 312 4226 honorem,
335 4156 376 4215 in
399 4156 560 4217 honora
582 4155 687 4236 (vulg.
710 4176 740 4233 p.
765 4159 826 4218 319
849 4156 930 4239 sm),
961 4157 1016 4233 quii
1046 4158 1164 4217 nimius
1185 4171 1240 4214 err·

14 4242 223 4580 Ὑί,
250 4257 335 4318 ultro
358 4258 429 4333 ipsa
450 4259 508 4319 illa
530 4258 688 4334 proritare
714 4261 823 4340 (quam
846 4262 945 4321 etiam
973 4260 1074 4320 Silius
1105 4263 1240 4336 expertus
