2806 4866
620 280 663 349 25

49 474 204 536 tempore
229 459 260 517 in
282 455 402 516 Libano
422 461 527 515 monte
547 453 675 513 Nonnus
688 448 890 534 Λιβάνου-
903 449 965 530 ὅπη
981 452 1142 536 Κυθέρεια
1154 477 1216 534 χο·

44 559 143 646 cadat
168 560 218 619 lV.
244 561 293 619 82.
339 557 466 618 Schrad.
490 555 654 617 Animadv.
678 557 717 616 ad
740 556 897 617 MnsVll.
922 572 951 630 p.
968 557 1026 618 166
1044 574 1090 632 sq.
1134 556 1215 616 Vere

44 655 161 745 primo
187 669 292 722 autem
303 661 411 719 Venus
427 662 542 747 choros
566 659 742 718 instaurare
758 659 806 718 sic
820 659 1008 732 perhibetur
1026 655 1078 740 (cf.
1091 657 1214 718 ntitscb.

44 768 134 849 1166.
161 784 191 841 p.
206 766 255 824 66.
280 764 368 823 Jahn.
393 763 433 822 de
453 763 674 838 RaptEurop.
699 782 728 838 p.
745 764 816 844 13),
840 768 874 822 61
896 763 1038 823 Bacchus
1062 762 1217 842 (Wernsd.

47 870 139 933 nim.
166 871 214 928 Or.
238 868 316 926 Xllf.
349 864 471 948 6591)
505 873 536 925 61
568 867 682 939 Apollo
714 866 870 942 (Wemsd.
895 865 1069 926 Α6166.1).
1095 865 1215 926 (11116

47 993 84 1053 p.
115 973 197 1034 1636
224 971 296 1046 66).
355 967 437 1038 Quid
464 967 527 1039 jam
556 968 676 1028 referre
707 971 821 1029 attinet
851 976 904 1030 aut
926 969 1122 1030 Wakefieldi
1149 966 1216 1044 opi-

47 1079 187 1138 nionem
212 1077 334 1132 Lucret.
360 1071 409 1131 lV.
436 1072 496 1131 566
528 1088 557 1146 6.
579 1071 638 1130 362
672 1073 798 1142 ,,166166
828 1072 998 1132 amatorias
1029 1071 1088 1132 rati
1119 1070 1216 1147 signi·

50 1179 166 1246 ficari,
200 1193 279 1251 quas
303 1180 398 1234 noctu
423 1180 630 1243 exercerent,
664 1191 703 1232 ne
727 1175 905 1235 mortalium
929 1174 1030 1234 oculis
1055 1175 1217 1250 66611666-

23 1357 29 1365 ,
55 1273 209 1348 6661666,
234 1285 286 1338 aut
310 1275 473 1352 Calpurnii
497 1276 617 1343 locum,
649 1293 742 1351 quem
773 1293 813 1337 ex
837 1276 960 1338 Horatii
991 1277 1130 1338 carmine
1161 1293 1214 1336 eu-

31 1386 207 1460 “pressum
238 1397 310 1441 esse
343 1397 405 1439 non
429 1378 510 1455 16611
534 1378 649 1439 Titium
680 1399 708 1437 6.
736 1382 772 1440 16
804 1399 832 1456 p.
858 1380 928 1440 661.
969 1382 1007 1441 18
1039 1400 1068 1457 p.
1093 1381 1153 1439 662
1185 1387 1217 1439 61

58 1482 257 1546 Torrentium
283 1503 311 1559 p.
326 1486 382 1543 20:
407 1482 513 1552 „Vere
533 1500 615 1542 novo
629 1516 670 1528 -
683 1483 827 1544 Protinus
851 1485 985 1544 hiberno
1010 1500 1109 1560 pecus
1126 1498 1218 1542 omne

19 1612 24 1621 ’
56 1587 246 1650 movebis
272 1587 438 1647 ovili-.
485 1585 568 1644 Tunc
587 1585 736 1656 Venus,
763 1595 793 1647 ct
817 1587 913 1647 calidi
937 1588 1089 1647 scintillat
1112 1587 1218 1647 fervor

15 1725 29 1762 ,2
56 1692 186 1752 amoris.
212 1725 253 1733 -
283 1691 359 1749 Tum
397 1689 522 1763 cespite
552 1689 627 1748 vivo
657 1691 743 1750 Pone
776 1690 880 1750 focum
920 1690 1117 1764 Geniumque
1155 1690 1217 1749 loci

10 1828 24 1871 Ε
56 1795 301 1867 Faunumque
315 1794 489 1867 Laremque
503 1791 595 1851 Salso
621 1794 702 1851 farre
721 1810 814 1852 voca:
839 1792 965 1866 tepidos
987 1798 1060 1850 tuuc
1083 1791 1218 1850 hostia

10 1933 12 1942 ·
60 1898 181 1955 cultros
205 1895 355 1953 lmbuat.⁴‘

150 1997 216 2055 lam
239 1996 279 2054 de
304 1996 445 2055 versibus
470 1998 497 2055 1.
522 1999 559 2053 8:

531 2098 616 2158 dum
640 2113 786 2175 graves
811 2098 1027 2173 Cyclopum

315 2200 520 2261 Vulcanus
544 2201 688 2262 ardens
713 2200 771 2261 nrlt
794 2199 1007 2269 officinas,

22 2373 25 2378 ,
55 2304 90 2363 in
116 2305 231 2377 quibus
255 2303 311 2363 alii
336 2307 468 2379 probant
493 2305 610 2374 risit,
646 2304 806 2371 nonnulli,
839 2304 953 2377 quibus
983 2301 1046 2373 jam
1075 2303 1216 2378 adstipu-

51 2409 143 2465 latur
165 2407 316 2466 Lehrsius
341 2427 370 2484 p.
396 2408 552 2477 XXXVII,
576 2413 714 2483 urget,
738 2406 880 2464 breviter
904 2407 950 2465 616
974 2406 1154 2474 absolvam,
1184 2413 1218 2465 nt

61 2508 149 2582 quod
177 2509 302 2569 Nounns
327 2511 363 2569 ll.
388 2511 448 2571 229
481 2512 590 2571 retulit
613 2510 680 2570 his:
723 2501 830 2585 ἠθάδα
859 2509 994 2591 Λῆμνον
1017 2503 1220 2582 ἔάσσαςΣός

58 2606 191 2694 πυρόεις
208 2609 386 2694 Ἥφαιστος
403 2609 542 2676 ἀπειθέα
564 2609 700 2694 γούνατα
724 2609 828 2697 σύρων
844 2602 886 2674 'A
898 2611 1018 2698 βραδὺς
1032 2606 1220 2694 ἄστῆρικτος

54 2711 125 2796 ἔχει
149 2711 271 2794 δρόμον
294 2717 330 2775 cf.
356 2717 443 2777 Hom.
469 2718 501 2776 ll.
527 2717 631 2776 XVlll.
658 2717 737 2786 tlt,
761 2717 793 2775 id
818 2716 920 2776 videri
943 2718 994 2776 bis
1019 2720 1056 2776 ab
1084 2717 1215 2777 Horatio

53 2818 218 2894 proditum
243 2835 317 2879 esse
340 2821 557 2896 pronuntiem:

443 2922 526 2981 dum
551 2921 751 2998 ingraves
780 2920 999 2994 Cyclopum

274 3026 479 3085 Vulcanus
502 3026 649 3086 ardens
674 3045 705 3087 66
731 3028 814 3105 urget
837 3023 1046 3083 officinas.

55 3125 169 3201 Neque
193 3129 278 3187 enim
302 3130 472 3188 obscurum
495 3135 560 3198 est,
586 3129 661 3204 qnid
684 3134 837 3202 sequutus
861 3133 958 3204 poeta
980 3144 1037 3202 pro
1055 3129 1218 3189 alterultro

54 3246 184 3300 eorum,
210 3247 292 3305 quae
316 3232 406 3290 multi
430 3247 530 3306 saepe
554 3237 744 3306 posuerunt:
784 3231 973 3300 6616666,
1006 3247 1048 3290 se
1077 3248 1218 3308 66666,

54 3333 231 3408 sumpserit
248 3332 299 3403 id,
324 3335 407 3409 quod
432 3334 594 3394 invenitur
618 3335 714 3392 etiam
737 3333 822 3408 apud
838 3333 1218 3412 Α6166666Α661.Ρ6ο66.

55 3437 134 3496 315:
166 3434 267 3507 major
298 3454 340 3496 se
365 3433 849 3512 (1661666616666611666611
880 3436 1001 3495 coelo“
1034 3443 1065 3495 et
1095 3436 1217 3497 blani-

53 3538 154 3597 lium
169 3539 204 3597 V.
231 3541 307 3600 585:
333 3540 411 3600 Hinc
436 3541 534 3600 vastis
559 3547 706 3616 urgent
730 3539 875 3598 immensi
899 3541 1066 3615 torquibus
1091 3543 1217 3610 orbes‘·,

50 3641 110 3700 ubi
134 3641 227 3700 Voss.
244 3658 308 3701 sec.
326 3644 458 3716 praebet
481 3641 582 3701 uasti
606 3648 775 3718 surgent
799 3637 915 3723 (Bentl.
941 3645 1129 3721 surgunt),
1156 3660 1217 3717 qno

52 3745 153 3820 longe
185 3744 347 3805 deteriora
377 3751 530 3819 sequutus
554 3744 708 3804 lacobus:
739 3745 822 3803 vasti
845 3752 1012 3823 turgent
1036 3745 1218 3806 immensis

52 3847 224 3922 torquibus
249 3851 374 3909 orbes“
401 3866 464 3908 uon
488 3848 568 3907 vidit
592 3847 793 3906 scribendum
809 3849 869 3908 hoc
885 3866 976 3909 esse:
1001 3864 1043 3909 66
1065 3851 1217 3924 urgent.

54 3950 98 4009 Cf.
125 3950 202 4010 Stat.
228 3951 325 4011 Theb.
341 3953 377 4010 fl.
403 3951 482 4010 222:
513 3950 669 4010 Turbidus
692 3951 854 4011 aetherias
879 3969 1020 4011 666666
1045 3951 1218 4025 urgebat

51 4055 92 4114 ad
125 4064 250 4115 arces.“
286 4055 342 4114 Sil.
367 4055 429 4114 Xll.
456 4056 532 4116 419:
569 4054 608 4115 ad
637 4068 746 4112 manes
781 4030 899 4130 66661
928 4053 1114 4127 66611616
1143 4052 1217 4111 nati.

51 4158 117 4216 XV.
133 4159 210 4217 688:
235 4158 376 4232 pondera
400 4158 543 4217 66611-
561 4157 714 4217 adversos
737 4159 870 4232 urgebat
894 4158 926 4216 in
950 4157 1092 4214 hostes.“
1129 4155 1217 4215 Ouid.

50 4261 137 4320 Fast.
162 4261 212 4320 Vl.
239 4262 314 4322 520:
355 4261 394 4320 ad
422 4276 534 4335 vocem
570 4259 761 4318 concitus
800 4265 916 4334 66661
950 4257 1029 4317 1166
1061 4258 1216 4341 (Sarbiev,
