2828 4866
68 96 130 155 cis
156 96 276 174 corrigi
302 97 416 164 vellet,
447 96 561 164 sedut
585 114 693 159 verum
717 115 793 160 esse
816 99 949 159 discet
979 101 1144 172 indicaret,
1169 120 1229 163 non

68 198 195 259 ducet
219 194 401 280 (cilicias.
427 194 588 260 claudian.
612 201 646 260 R.
671 202 757 263 Pros.
781 204 816 265 ll.
841 202 900 285 3δῖ
925 221 955 279 p.
973 203 1058 288 598).
1101 204 1134 264 ln
1150 207 1231 266 hanc

70 299 157 361 enim
180 299 371 361 sententiam
393 300 543 362 Horatius
567 315 623 372 ea,
647 320 730 379 quae
750 303 813 375 jam
829 304 985 381 legimus,
1009 303 1132 364 videtur
1155 306 1228 366 scri-

69 403 197 479 psisse:
227 409 259 464 et
289 401 466 480 priorum
497 403 599 466 lama
628 405 708 467 lert
736 407 861 467 Lamias
884 423 903 466 a
924 403 1021 466 Lamo
1049 404 1229 467 denomi-

69 511 190 566 natos
215 511 247 565 et
270 521 341 581 per
361 521 560 566 memores
584 508 717 567 laslos
740 509 901 569 discent
925 514 1100 583 nepotes
1119 525 1227 583 omnes

70 609 205 684 abipso
228 607 285 668 illo
305 607 497 668 Formiarum
520 609 667 685 principe
690 625 764 669 esse
788 609 893 686 gentis
910 626 986 671 suae
1009 611 1228 687 originem:

200 707 362 780 Quando
395 715 433 770 et
464 711 626 786 priores
661 713 755 772 hinc
777 713 1097 775 Lamiasferunt

262 798 556 873 Deuominatos
580 818 619 872 et
643 821 832 888 nepotum

252 946 260 953 -
306 913 376 974 Per
399 930 597 977 memores
620 932 745 993 genus
767 932 881 977 omne
905 917 1036 977 lastos

198 1017 374 1076 Auctore
397 1017 441 1076 ab
465 1017 542 1077 illo
565 1017 657 1080 dlsaat
679 1017 901 1095 originem.

197 1117 273 1189 Qui
295 1118 538 1179 Formiarum
561 1121 722 1181 moenia
743 1121 899 1182 dicitur

260 1219 456 1297 Princeps
482 1257 518 1266 -
543 1222 743 1284 tenuisse.

68 1323 138 1382 Per
161 1322 291 1383 fastos
314 1322 497 1394 discere,
520 1332 554 1384 ut
575 1325 663 1385 Ouid.
689 1326 775 1385 Rem.
791 1323 847 1386 4³:
869 1324 993 1386 Discite
1010 1325 1126 1392 sanari,
1150 1339 1223 1400 per

70 1440 180 1501 quem
212 1423 426 1486 didicistis
455 1436 592 1487 amare‘.
638 1429 673 1489 A.
696 1429 734 1486 Α.
758 1427 807 1486 ΙΙΙ.
831 1428 888 1487 tt:
922 1427 1035 1486 lascivi
1068 1441 1138 1501 per
1161 1441 1219 1485 me

68 1527 283 1588 discuntur
311 1539 477 1588 amores“.
508 1529 587 1589 Ciol.
612 1527 733 1590 touta
763 1547 794 1605 p.
810 1531 866 1600 δῖ’,
897 1543 1090 1587 memores
1121 1529 1222 1588 lasti

67 1635 171 1690 autem
194 1628 340 1690 dicuntur
363 1631 404 1699 ii,
434 1631 488 1706 qui
512 1647 582 1690 cum
605 1631 739 1690 aliorum
763 1631 938 1690 Lamiarum
962 1629 1073 1690 laudes
1093 1631 1221 1698 habent,

66 1738 128 1794 tum
160 1747 267 1792 earum
298 1732 446 1792 virtutum
475 1739 575 1793 testes
603 1739 691 1802 sunt,
722 1733 837 1808 quibus
868 1714 939 1809 ipse
961 1731 1034 1802 ille,
1065 1731 1222 1807 adquam

66 1837 124 1896 hoc
149 1850 275 1896 carmen
298 1833 429 1895 missum
459 1841 523 1907 est,
559 1835 695 1895 innotuit
726 1840 759 1894 et
781 1835 910 1912 generis
933 1835 1087 1896 honorem
1110 1835 1220 1912 ampli-

66 1938 184 2000 licavit.

148 2142 213 2204 Sed
247 2149 281 2204 ut
318 2148 424 2219 partes
462 2144 607 2218 expleam
642 2160 660 2203 a
690 2142 853 2203 Meinelrio
889 2141 1137 2218 prudentissime
1173 2143 1219 2202 in·

61 2246 197 2306 choatas
221 2261 250 2320 p.
276 2245 387 2316 XVlll.
415 2263 507 2322 quam
530 2246 683 2306 maculam
706 2245 889 2322 adspersam
913 2259 988 2305 esse
1010 2244 1118 2305 versui
1144 2244 1200 2310 1οέ

614 2364 701 2408 cras
724 2348 846 2408 foliis
870 2364 1004 2409 nemus

276 2449 414 2509 Multis
438 2455 477 2509 et
500 2449 592 2525 alga
615 2449 716 2510 litus
741 2452 886 2511 inutili

339 2553 527 2614 Demissa
547 2558 772 2625 tempestas
796 2553 840 2611 ab
863 2551 965 2613 Euro

383 2653 547 2713 Sternet

60 2757 113 2818 his
148 2755 388 2832 Peerlkampius
424 2755 595 2816 indicavitt
637 2755 753 2814 Nemus
788 2753 974 2829 privatur
1006 2751 1113 2820 foliis,
1154 2766 1216 2809 non

60 2859 254 2929 sternitur“,
279 2873 347 2920 eam
370 2860 480 2919 eluere
504 2858 622 2918 nullius
649 2857 771 2933 negotii
790 2861 846 2915 est.
882 2853 964 2925 Quid
980 2849 1089 2915 enim?
1113 2867 1218 2913 nonne

60 2963 134 3038 ipsa
156 2979 219 3021 vox
243 2962 400 3030 multis,
424 2959 513 3031 cujus
536 2958 772 3036 significatione
796 2956 877 3017 nihil
899 2956 978 3031 tingi
1002 2960 1108 3032 potest
1132 2955 1218 3030 quod

60 3065 103 3124 sit
127 3070 160 3124 at
183 3063 318 3125 inertius
341 3070 373 3123 et
396 3061 552 3131 alienius,
587 3061 765 3121 certissima
787 3065 944 3132 tamquam
968 3059 1061 3117 obses
1084 3058 1218 3119 habetur

59 3166 182 3228 fraudis
204 3168 243 3227 ab
267 3165 308 3226 iis
332 3164 508 3234 admissae,
539 3163 594 3239 qui
617 3162 701 3238 quod
725 3161 855 3220 verbum
875 3158 1027 3219 Horatius
1056 3167 1216 3235 posuerat,

60 3270 266 3334 inaltabit:

584 3404 585 3408 =
621 3361 854 3430 trasfoliis
877 3383 1013 3428 nemus

276 3471 405 3538 nnlutlt
427 3460 517 3550 alga
540 3471 691 3534 allitus
714 3467 857 3527 inutili

340 3574 526 3637 Demissa
548 3561 773 3647 tempestas
796 3570 841 3629 ab
863 3568 967 3630 Euro

377 3677 564 3745 Sternet,
984 3741 989 3748 ,

58 3781 92 3841 id
124 3781 308 3857 ignorarent
336 3776 492 3838 interdurn
521 3777 567 3837 ita
596 3774 689 3852 poni,
720 3780 754 3834 ut
786 3772 944 3844 „addatur
975 3770 1133 3831 ablativus
1156 3771 1215 3839 rei,

58 3898 144 3958 quae
175 3881 339 3942 adimitur:
381 3879 551 3938 multare
584 3878 718 3946 bonis,
758 3877 987 3938 libertate⁴‘
1025 3864 1215 3958 pschrriting.
