2806 4866
107 517 195 596 Eleg.
223 519 280 579 loe
311 525 342 578 et
372 519 462 580 illum
492 535 634 581 versum:
671 521 824 584 Aestibus
847 523 930 594 bic,
964 524 1078 586 alius
1100 522 1241 600 spoliatam

106 621 225 699 frigore
248 621 383 682 orodil.“
426 623 529 683 Burm.
552 622 629 683 Nuc.
651 623 672 683 1.
691 623 720 683 d.
744 643 774 701 p.
788 623 859 685 831.
900 625 984 686 cort
1008 626 1128 687 Lucan.
1142 623 1242 684 111111

108 743 136 802 p.
155 725 227 784 415.
250 724 331 786 Dult.
345 723 425 786 l'lor.
439 723 490 782 tv.
507 724 555 793 11,
572 724 609 784 1o
636 740 665 800 p.
680 726 753 788 teo.
784 726 861 786 ond.
875 727 968 804 Apul.
984 725 1063 786 hiet.
1077 725 1128 786 111.
1152 741 1179 801 p.
1191 727 1243 787 111.

108 861 149 870 -
172 825 336 887 Postremo
358 827 400 886 de
423 826 512 887 vocis
537 826 577 886 in
600 827 777 889 mutatione
800 843 985 906 comparare
1005 828 1196 889 commodum
1210 834 1244 887 est

107 932 220 990 Lucan.
233 928 312 989 Vlll.
325 930 402 990 tit:
426 927 571 1005 Syrtibus
593 929 689 991 hino
713 929 853 1008 Libycis.
876 930 996 991 Tbuau.
1021 931 1245 1008 Rotteudtips.

110 1033 202 1094 Snec.
226 1032 316 1092 Caes.
340 1031 381 1093 in
403 1030 542 1108 Libycis.

634 1264 741 1362 tvtt

195 1440 275 1500 Hinc
298 1440 374 1501 licet
397 1438 524 1518 digredi
546 1440 586 1501 ad
610 1456 738 1501 versum
761 1438 811 1500 IV.
837 1440 887 1511 11,
912 1444 945 1503 5:
1049 1451 1054 1458 ·

620 1548 683 1603 est
706 1542 886 1603 hederae
907 1541 971 1604 vis

315 1645 419 1723 natta,
443 1662 518 1722 qna
539 1645 678 1707 crines
702 1645 882 1723 religata
901 1646 1061 1724 fulges,

110 1746 166 1823 qui
196 1763 290 1823 qurum
318 1748 454 1824 amplam
489 1747 690 1824 disceptandi
726 1744 889 1809 materiam
925 1748 1096 1824 praebeat,
1136 1747 1248 1811 nondum

112 1850 230 1911 idonea
257 1848 443 1927 cujusquam
474 1865 549 1911 cura
579 1850 764 1927 exploratus
795 1854 853 1910 est.
905 1850 951 1911 Ac
972 1849 1109 1928 primum
1133 1851 1247 1928 quiden,

111 1960 146 2014 ut
171 1954 299 2032 singula
322 1969 584 2031 percenseamus,
607 1952 837 2030 Porphyrionis
861 1952 917 2014 illa
939 1952 1179 2031 interpretatio:
1204 1967 1248 2028 qua

110 2057 248 2134 fulges
270 2073 329 2131 pro
351 2054 513 2132 fulgere
535 2054 657 2114 soles.
703 2053 768 2115 Non
792 2053 962 2126 animiam
985 2061 1170 2117 coronatam
1192 2065 1248 2113 essa

113 2159 208 2227 dicit,
231 2157 289 2217 sed
313 2156 427 2217 invitat
451 2171 536 2226 eam,
559 2161 593 2216 ut
615 2161 823 2227 coronetur⁴‘,
848 2172 942 2232 quam
963 2158 1094 2218 omnino
1116 2159 1249 2235 probasse

115 2259 262 2320 videntur
286 2257 527 2334 Peerlkampius
557 2263 589 2317 et
611 2256 791 2319 bleinelrius
813 2257 1035 2336 Hauptiusque
1066 2260 1120 2321 hie
1144 2257 1250 2335 quiden

113 2361 290 2424 subtilitate
308 2368 340 2422 et
356 2360 535 2422 intentione
553 2359 799 2422 Mitscberliobii
822 2379 854 2437 p.
869 2361 930 2421 424
954 2359 1138 2432 interiores,
1163 2356 1252 2437 quanti

113 2461 186 2526 est?
211 2466 240 2526 si
263 2465 392 2541 quidem
414 2463 544 2524 vitanda
566 2462 721 2540 imprimis
751 2478 791 2523 ea
813 2462 1023 2540 ambiguitas,
1056 2479 1141 2539 quae
1172 2463 1253 2523 incer·

112 2575 178 2629 tum
202 2568 401 2651 intellectum
427 2565 517 2625 lacit:
551 2581 622 2625 nam
652 2565 761 2642 puella
789 2564 910 2626 hedera
937 2565 1064 2643 fulgens
1097 2581 1137 2627 ea
1166 2563 1254 2624 verius

113 2670 264 2738 dicitur,
285 2683 367 2743 quae
392 2666 456 2738 jam
491 2667 575 2744 gerit
609 2667 820 2728 hederaceam
856 2683 1023 2737 coronam,
1061 2684 1156 2743 quam
1191 2677 1255 2743 quae

116 2785 215 2848 saepe
238 2770 329 2831 solet
345 2773 441 2846 caput
463 2769 584 2830 hedera
612 2785 774 2831 coronare.
830 2770 956 2832 Deinde
986 2770 1063 2846 quid
1093 2769 1255 2835 absurdius,

115 2890 208 2949 quam
230 2873 392 2933 multam
415 2871 557 2933 hederae
580 2872 706 2949 copiam
729 2873 858 2949 puellae
878 2872 997 2944 jactare
1020 2891 1084 2933 nou
1107 2865 1257 2933 bercleid

114 2983 325 3052 sequuturae,
349 2977 434 3052 quod
447 2975 632 3036 Plutarchus
655 2975 846 3036 fortissimas
869 2976 941 3037 illas
962 2976 1130 3037 Thebanus
1149 2971 1257 3035 mulier·

115 3079 201 3139 culas
239 3078 350 3140 scribit
384 3085 537 3153 sequutus
580 3093 654 3137 esse
691 3077 801 3150 δασεῖς
842 3072 1019 3160 στεφάνους
1055 3073 1259 3160 περικειμένας

113 3180 389 3256 κατασκιαζοῠσας
417 3178 458 3243 τὰ
484 3177 643 3262 πρόςωπα
676 3180 786 3258 Pelop.
815 3178 878 3242 11?
923 3179 985 3241 Sed
1008 3197 1084 3241 ecce
1107 3182 1191 3243 alius
1210 3177 1257 3249 jau

117 3283 261 3355 exsistit,
285 3285 340 3361 qui
364 3298 436 3345 eum
459 3284 558 3346 latine
581 3284 671 3360 loqui
689 3284 842 3354 affirmet,
867 3283 923 3359 qui
945 3300 1127 3361 magnam
1151 3279 1257 3359 copiam

115 3386 255 3449 hederae
278 3387 379 3458 dicat,
410 3406 472 3448 non
501 3388 578 3448 item
609 3388 717 3458 illurn,
741 3385 797 3463 qui
820 3387 978 3447 multam
1003 3385 1148 3462 copiam,
1179 3384 1258 3445 ideu-

117 3503 179 3566 que
195 3488 254 3548 hac
267 3489 350 3550 lacta
366 3491 539 3552 verborum
547 3490 781 3568 descriptione:
805 3495 855 3549 est
877 3483 1126 3558 bederaa'vis,
1155 3485 1259 3548 hluto

117 3608 180 3669 qua
202 3591 308 3652 crines
330 3592 465 3669 religata
487 3594 622 3670 lulgcs“
653 3591 817 3655 contendit
846 3590 1001 3669 puellam,
1038 3605 1122 3666 quae
1152 3587 1259 3649 multa

114 3696 292 3773 fulgeat,
324 3691 463 3770 intelligi
493 3709 578 3765 eam,
610 3711 693 3771 quae
720 3694 885 3757 multum
915 3691 948 3753 id
976 3698 1025 3752 est
1054 3690 1259 3768 praeclare

117 3797 293 3874 splendeat.
345 3793 476 3856 Scilicet
505 3797 765 3859 accuratissimus
800 3795 851 3856 uir
888 3793 1052 3854 doctrinae
1083 3808 1168 3869 quae
1197 3781 1259 3852 iudi·

118 3900 233 3961 stincte
257 3916 294 3960 ac
316 3897 499 3973 promiscue
521 3906 752 3961 annotaverunt
775 3896 977 3960 Marklandus
1000 3895 1071 3957 Eur.
1084 3895 1154 3973 lph.
1169 3895 1202 3954 T.
1215 3883 1258 3950 111
1289 3939 1293 3949 .

118 4021 146 4079 p.
172 4003 230 4062 127
256 4008 288 4062 et
312 4001 354 4072 ii,
378 4017 459 4076 quos
483 3998 659 4061 nominavit
681 4000 888 4062 Blomfieldus
909 3998 1014 4060 Gloss.
1029 3986 1259 4069 heschSepti

117 4123 147 4181 p.
174 4105 233 4164 100
267 4111 297 4165 et
328 4102 448 4164 Gallim.
471 4102 562 4164 Dian.
580 4102 619 4162 tt
644 4119 673 4177 p.
689 4102 747 4172 118,
776 4099 1025 4176 Huschkiusque
1049 4098 1117 4158 Tib.
1132 4097 1159 4156 1.
1184 4096 1211 4163 1,
1230 4084 1258 4150 13

27 4226 77 4269 e.
118 4224 150 4282 p.
174 4207 323 4281 tblrsq„
351 4225 414 4267 non
444 4205 538 4266 modo
569 4201 782 4265 solertissime
813 4196 962 4272 rimatus,
992 4201 1051 4261 sed
1079 4199 1208 4276 plenius
1225 4190 1258 4251 in

14 4292 275 4560 [currendo
305 4315 503 4385 exsequutus
542 4313 573 4367 et
602 4306 774 4383 inopium,
810 4305 921 4376 oredo,
958 4305 998 4365 de
1027 4299 1257 4376 Arimaspioruffl
