2828 4866
652 319 807 387 80

203 490 299 569 rigidi
323 499 354 552 et
379 491 568 552 exserti“
603 490 823 567 Apulejnsque
846 490 919 550 Met.
944 490 980 550 ll.
1006 509 1033 566 p.
1061 492 1135 550 ill:
1178 492 1356 552 exsertis

202 602 234 654 et
262 593 443 655 inconnivis
473 593 604 654 oculis“
647 600 703 662 et.
732 593 795 653 nisi
825 593 910 670 quod
945 606 1004 654 nos
1034 594 1148 654 lelellit
1179 593 1256 654 Stat.
1289 595 1307 653 l.
1330 595 1357 653 d.

133 776 135 781 Α
183 708 232 773 p.
257 698 336 768 278,
359 695 487 758 Statius.
566 739 569 743 ›
859 714 861 718 ⁴

289 799 481 875 Quamquam
500 808 548 858 'ne
578 815 659 858 nunc
688 798 816 874 quidem
846 798 1004 874 perfuncti
1026 804 1140 860 ‘snmus
1170 800 1280 860 labore
1304 813 1359 859 eas

203 902 333 963 eluendi
355 904 513 971 maculas,
546 917 629 976 quae
653 902 730 962 olim
752 901 928 978 adspersae
950 907 1021 963 sunt
1044 902 1292 963 describentium
1316 903 1359 962 le-

203 1006 302 1067 vitate
332 1012 363 1065 et
392 1002 547 1065 socordia.
599 1002 676 1074 Quis
707 1002 791 1065 enim
811 1003 874 1063 uel
907 1003 1024 1064 leviter
1053 1005 1191 1065 monitus
1208 1005 1360 1081 .(monuit

106 1118 118 1185 J
203 1114 308 1168 autem
330 1107 433 1169 adhuc
455 1121 547 1166 nemo
571 1104 669 1191 unus)
691 1105 894 1168 tolerabilem
916 1107 1043 1168 duxerit
1066 1108 1147 1167 hanc'
1166 1107 1360 1168 orationem:

204 1209 259 1286 qui
281 1209 427 1286 fragilem
449 1208 531 1269 traci
555 1191 713 1269 commisit
737 1209 853 1286 pelago
871 1215 987 1278 ratem,
1010 1228 1085 1270 non
1110 1210 1246 1271 timuit
1270 1226 1360 1287 prae-

203 1312 335 1388 cipitem
358 1312 507 1373 Africum.
552 1312 651 1382 Quem
673 1312 785 1372 mortis
807 1312 946 1372 timuit
969 1312 1117 1389 gradum,
1142 1313 1197 1388 qui
1221 1314 1361 1373 exsertis

203 1415 313 1474 oculos
341 1421 482 1475 monstra
505 1421 537 1474 et
562 1414 695 1475 infames
727 1415 878 1490 scopulos
907 1410 1040 1474 vidit?“
1093 1414 1195 1486 Quare
1219 1415 1361 1492 graviori

203 1515 383 1577 sententiae
414 1515 613 1576 reddendum
639 1522 688 1576 est
711 1515 830 1577 'lortius
863 1517 1067 1587 vocabulum,
1104 1519 1199 1594 quale
1228 1525 1278 1578 est
1308 1526 1363 1579 aut

202 1620 371 1680 tremuit
401 1615 525 1701 (Heins.
551 1623 583 1678 et
605 1619 706 1680 Burin.
723 1617 883 1678 claudian.
908 1619 975 1678 Rus.
990 1618 1026 1678 ll.
1045 1619 1104 1680 125
1127 1639 1155 1697 p.
1174 1623 1222 1681 it.
1258 1621 1361 1682 Burm.

203 1720 292 1781 our.
323 1720 598 1797 ucr.1.-1o.p.4
630 1725 660 1780 et
693 1721 726 1779 v,
753 1705 793 1780 aa
813 1739 853 1796 p.
869 1721 918 1780 oo.
965 1722 1047 1781 oon.
1071 1724 1185 1784 Lucan.
1215 1723 1267 1784 m.
1298 1724 1359 1784 au

140 1891 144 1904 ι
202 1843 233 1901 p.
258 1825 329 1886 464.
380 1825 474 1885 Drak.
499 1823 553 1884 Sil.
577 1824 626 1883 IV.
651 1824 712 1884 663
744 1843 775 1901 p.
799 1823 871 1884 226.
928 1824 1089 1885 claudian.
1119 1826 1227 1903 Epigr.
1258 1826 1294 1886 ΙΙ.
1327 1829 1360 1886 l:

203 1927 271 1987 Non
285 1927 366 1987 ireta
381 1933 538 1987 mercator
560 1927 734 1987 tremuit.
759 1926 991 2011 Oistimuit)
1017 1929 1250 1998 contremuit,
1275 1929 1360 2005 quod

204 2047 274 2090 cum
298 2030 483 2090 exsertis
507 2029 638 2089 oculis
662 2029 832 2106 insigniter
854 2030 1039 2107 congruens
1056 2026 1160 2112 (Ovid.
1181 2031 1253 2091 Her.
1267 2030 1359 2091 XVII.

203 2135 259 2201 89:
283 2133 376 2192 oculo
399 2137 553 2192 renuente
576 2131 734 2214 negavi“)
761 2139 792 2192 et
809 2133 871 2193 hoc
885 2133 1042 2194 declaret:
1074 2151 1162 2204 enm,
1186 2135 1240 2209 qui
1259 2135 1360 2194 Alrici

203 2234 342 2309 Notique
355 2239 388 2294 et
403 2233 546 2310 Hyadum
560 2234 697 2295 saevitia
709 2253 782 2295 non
806 2236 979 2298 deterritus
1001 2237 1152 2314 navigare
1171 2235 1359 2307 instituerit,

203 2337 337 2398 audacia
349 2336 618 2414 promptissimum
634 2353 675 2398 ne
691 2345 899 2400 monstrorum
916 2341 1044 2416 quidem
1059 2340 1120 2400 vim
1133 2339 1360 2401 infestissimo·
1387 2347 1393 2359 '

203 2459 269 2501 rum
282 2447 378 2516 atque
392 2440 697 2527 Acrocerauniomm
709 2441 869 2503 fallaciam
882 2442 1085 2522 (Sendgnm.
1100 2445 1159 2507 561
1175 2442 1257 2521 sqq.)
1277 2443 1361 2502 relu-

202 2544 307 2620 gisse‚
331 2543 389 2603 sed
414 2560 455 2604 ex
477 2545 541 2604 alio
565 2544 652 2604 vitae
675 2544 868 2607 discrimine⁴
884 2546 924 2606 ad
946 2545 1033 2605 aliud
1056 2548 1139 2607 ultro
1164 2546 1361 2623 perrexisse.

200 2644 320 2710 Eodem
338 2651 442 2704 antem
461 2656 515 2705 aut
528 2645 688 2707 consimili
700 2646 794 2707 modo
810 2643 862 2729 (cl.
873 2645 927 2705 XX
940 2644 1023 2726 sqq.)
1036 2647 1168 2720 saepius
1183 2664 1202 2705 a
1216 2647 1360 2707 librariis

202 2753 365 2822 peccatum
379 2762 453 2807 esse
467 2747 548 2824 ipsis
561 2748 603 2809 iis
617 2751 787 2827 exemplis,
806 2763 887 2824 quae
899 2747 939 2807 ad
952 2747 1168 2808 illustrandam
1182 2747 1252 2819 ejus
1268 2752 1359 2811 uerbi

202 2850 267 2909 vim
286 2856 318 2908 et
337 2838 428 2910 usirm
448 2850 565 2914 idonea
580 2853 849 2945 videanturxessa
870 2851 1001 2911 doceam
1016 2851 1107 2910 Antlr.
1121 2852 1186 2911 Lat.
1202 2850 1222 2910 Ι.
1241 2853 1312 2923 175,
1326 2856 1362 2913 d:

202 2958 338 3014 armatus
368 2955 575 3018 renuendo
604 2953 730 3030 proelia
765 2952 857 3014 miles
886 2951 951 3011 Nec
989 2954 1113 3030 culpam
1149 2970 1209 3014 nec
1241 2955 1364 3016 crimen

201 3057 307 3116 habet.
358 3056 485 3118 Divion.
526 3057 715 3118 timendo.
772 3054 901 3139 Quintil.
936 3056 1025 3116 Decl.
1060 3056 1188 3117 ccuvu
1227 3076 1255 3133 p.
1281 3059 1364 3119 412:

201 3177 263 3219 non
288 3175 466 3221 recusarem
490 3167 633 3222 catenas-z
668 3159 696 3218 si
721 3158 879 3235 obligarer
900 3159 1050 3230 foenore,
1074 3175 1130 3220 aes
1153 3148 1291 3220 alienum
1317 3168 1362 3221 ta·

201 3277 274 3320 men
303 3279 365 3322 non
394 3262 639 3332 renuissem,
669 3267 704 3319 ut
734 3260 922 3321 redimerem
951 3268 1103 3338 patrem.“
1148 3262 1214 3323 Par.
1245 3264 1362 3324 Aerod.

200 3346 442 3425 circuissent
471 3361 558 3424 noir.
582 3361 620 3451 or.
644 3362 745 3426 nurm.
766 3366 881 3425 Lucan.
908 3365 984 3424 vm.
1009 3365 1069 3424 ron
1094 3384 1122 3440 p.
1149 3366 1219 3425 sir.
1242 3371 1362 3426 renu-

203 3467 328 3527 issem
351 3466 399 3548 (ut
424 3463 585 3525 claudian.
608 3464 642 3525 B.
667 3464 749 3526 Gild.
774 3467 851 3527 268¹:
882 3467 1017 3527 tenuit
1046 3466 1093 3526 sic
1117 3465 1210 3538 Graia
1238 3466 1361 3545 Philip-

201 3586 261 3644 pus
283 3568 420 3628 Moenia.
451 3565 549 3625 Oisel.
579 3568 727 3628 renuit.
765 3569 854 3629 Ouid.
874 3568 950 3628 Met.
975 3568 1039 3626 XV.
1064 3570 1141 3630 ala:
1176 3569 1267 3629 mult-i
1298 3587 1361 3630 re·

166 3656 169 3661 ’
200 3668 463 3732 nuereMoret.
486 3673 657 3729 tenuere
683 3668 719 3731 cl.
738 3670 867 3741 Quintil.
883 3669 1069 3733 Decllllil
1093 3689 1122 3748 p.
1142 3673 1181 3732 66
1206 3680 1360 3733 renuet.

199 3773 291 3832 Voss.
322 3770 421 3832 Leid.
442 3771 797 3834 retinet-Claudiam
828 3774 863 3832 R.
891 3774 976 3835 Pras.
1001 3773 1037 3833 ll.
1070 3776 1130 3835 287
1164 3791 1360 3836 meruere.

147 3926 149 3938 ,
199 3875 287 3935 luno:
310 3874 402 3935 Voss.
426 3874 465 3957 al.
488 3879 661 3935 tenuere
685 3883 716 3936 et
738 3878 771 3937 L.
795 3875 906 3938 Seren.
929 3877 996 3938 aaa
1018 3878 1169 3937 meruit
1194 3859 1359 3939 cunabula.

200 3977 309 4039 Moret.
340 3995 385 4052 pr.
409 3975 610 4059 renuunt).
663 3977 771 4038 Heins.
796 3977 887 4038 Ouid.
911 3979 983 4039 Met.
1007 3979 1143 4057 illoto
1175 3997 1203 4055 p.
1226 3981 1285 4040 nol
1312 3999 1362 4058 sq⁸

203 4080 241 4139 cl.
263 4078 342 4139 Ado.
368 4078 416 4139 lV.
441 4079 460 4138 6
484 4095 515 4153 p.
530 4080 601 4142 669.
625 4077 695 4138 Sen.
720 4078 812 4140 Herc.
836 4080 906 4139 Oet.
931 4082 1007 4143 985:
1030 4081 1155 4157 trepida
1178 4081 1255 4157 quid
1278 4090 1360 4144 tre·

200 4181 299 4242 mait
323 4198 441 4242 uranus.
465 4182 545 4242 Flor.
570 4197 662 4241 vere:
686 4182 833 4241 renuit.
857 4180 988 4244 Sedul.
1003 4184 1051 4244 ill.
1076 4186 1132 4244 80:
1157 4184 1295 4260 Spiritus
1313 4188 1360 4248 in-

202 4282 281 4342 lalix
304 4283 464 4344 hominem
487 4302 548 4346 non
573 4283 669 4344 audet
689 4283 777 4344 adire
799 4283 945 4362 Effigiem
974 4302 1147 4346 renuens
1171 4283 1248 4366 (hoc
1272 4290 1360 4370 enim
