2806 4866
628 287 671 358 37

63 461 274 525 miscuit.“
310 460 366 522 Sil.
393 461 440 521 lll.
466 441 541 523 431:
576 469 753 523 mutasse
784 462 871 539 piget
902 460 1019 533 majore
1049 467 1104 525 sub
1134 465 1228 525 hoste

62 561 284 646 Proelia“).
329 565 370 625 Ut
393 565 476 641 apud
498 564 667 642 Virgilium
698 571 744 623 est
770 565 847 624 Aen.
871 563 935 622 Vll.
961 565 1039 625 405:
1074 565 1225 644 Reginam

63 674 181 733 Alecto
206 668 391 728 stimulis
421 667 488 744 agit
509 666 651 742 undique
683 668 810 727 Bacch
821 668 862 726 i.“
892 664 966 726 Stat.
992 667 1086 728 Theb.
1105 668 1143 729 ll.
1168 670 1225 728 ltu

66 783 99 834 et
125 773 286 835 claudian.
310 772 393 832 Entr.
417 769 453 830 ll.
480 770 529 830 46.

596 938 697 1032 ΧΧΙ.

152 1097 264 1171 Neque
288 1096 352 1157 alia
375 1095 458 1154 ratio
483 1100 528 1153 est
556 1094 762 1170 perpoliendi
789 1111 912 1155 versum
938 1094 956 1153 l.
982 1097 1033 1163 28,
1059 1095 1114 1154 24:

129 1204 177 1260 At
200 1207 256 1268 tu,
280 1204 418 1265 nauta,
443 1212 571 1273 vagae
598 1212 644 1256 ne
670 1214 790 1273 parre
815 1198 1013 1273 malignus
1036 1213 1182 1257 arenae

258 1299 434 1360 Ossibus
459 1304 497 1356 et
521 1298 651 1373 capiti
675 1297 825 1362 inhumato

171 1403 420 1464 Particulam
443 1400 548 1460 dare.

66 1509 211 1580 „Hiatus
235 1505 338 1582 qualis
369 1503 423 1563 hic
447 1508 495 1560 est
519 1501 550 1562 in
576 1504 733 1580 dactylico
757 1523 885 1571 munero
910 1524 949 1567 ne
974 1507 1132 1567 minimam
1156 1507 1223 1581 qui-

61 1613 137 1672 dem
177 1609 387 1670 offensionem
425 1607 573 1666 habere“
611 1609 700 1667 visus
734 1616 779 1668 est
812 1610 974 1671 hleiuehio
1011 1609 1222 1686 Hauptioque.

60 1715 125 1786 Qui
150 1713 278 1774 mallem
301 1709 452 1771 aemulati
475 1708 672 1770 Sarbievium
697 1712 718 1768 l.
743 1712 782 1770 24
809 1731 837 1788 p.
853 1714 909 1772 8⁶2:
933 1714 998 1773 Jam
1021 1713 1137 1772 fractus
1155 1710 1222 1770 illa-

58 1820 156 1879 betur
180 1814 263 1876 orbis
287 1812 450 1888 Sacrilego
483 1813 609 1887 capiti:
635 1813 663 1880 i,
695 1813 846 1888 prohmda
873 1849 910 1860 -
936 1815 1045 1889 pollue
1068 1815 1223 1873 Tartara“

60 1920 149 1995 hanc
178 1914 327 1974 iecissent
358 1914 580 1974 mutationem:
611 1914 708 1989 capiti
727 1914 816 1973 ¹heu
850 1915 1039 1975 inhumalo“
1074 1911 1126 1995 (cf.
1152 1930 1222 1972 ens

65 2018 183 2078 Aduot.
207 2015 281 2076 Stat.
302 2013 362 2074 Ecl.
388 2015 442 2073 ult.
467 2035 495 2090 p.
520 2013 606 2098 288).
653 2015 718 2075 Nec
742 2032 836 2085 vero,
862 2016 894 2075 id
919 2017 1003 2092 quod
1027 2016 1103 2077 lecit
1126 2016 1221 2075 Lehr-

67 2122 136 2180 sins
167 2137 195 2194 p.
222 2118 275 2185 32,
306 2117 442 2177 consilio
475 2117 630 2193 sullragor
658 2118 871 2194 Peerlkampii
904 2127 936 2178 et
969 2120 1073 2188 hirtii,
1105 2117 1158 2193 qui
1190 2119 1221 2178 in

64 2221 154 2293 Conj.
178 2220 299 2300 Homer.
324 2221 364 2279 20
389 2220 493 2296 Progr.
520 2222 647 2280 Crucen.
674 2222 754 2281 1860
779 2223 903 2283 scribit:
928 2223 1081 2284 incidisse
1105 2223 1165 2284 sibi
1190 2223 1221 2283 in

57 2331 200 2386 mentem
217 2323 349 2382 eandem
366 2323 636 2383 emendationem:
662 2324 760 2399 capiti
785 2324 1029 2385 intumulato
1055 2333 1086 2384 et
1111 2327 1223 2385 eodem

58 2437 226 2503 tempore,
258 2439 339 2500 qnae
363 2425 584 2501 Peerlkampio
617 2425 795 2485 inciderit.“
840 2427 899 2486 Pro
923 2433 1009 2486 certo
1035 2428 1118 2486 enim
1140 2427 1221 2486 affir-

61 2529 215 2591 maverim
239 2526 324 2601 qriod
348 2527 622 2603 interpretationis
653 2528 756 2604 gratia
786 2529 979 2605 adscriptum
1003 2531 1103 2588 luerat
1131 2546 1221 2588 voca·

61 2634 184 2694 bulum:
212 2631 441 2700 inhumato,
474 2631 633 2690 insedisse
666 2650 722 2706 pro
747 2647 803 2700 eo,
836 2633 920 2706 quod
952 2632 1090 2693 librariis
1115 2649 1221 2707 parum

60 2733 240 2811 cognitum:

366 2818 535 2878 Ossibus
560 2826 597 2878 et
621 2819 749 2894 capiti
774 2820 849 2881 nalo
872 2821 947 2883 nudo

56 2921 190 2981 illustre
213 2923 248 2981 fn
272 2922 406 2981 maxime
431 2920 526 2981 Statii
550 2940 624 2990 usu,
647 2930 681 2981 ut
704 2924 800 2982 thet.
820 2923 882 2982 llll.
909 2923 985 2981 216:
1011 2921 1080 2980 Heu
1102 2923 1130 2980 si
1155 2940 1221 2979 nu-

57 3024 130 3083 dus
163 3023 284 3092 adhuc,
314 3024 375 3082 heu
408 3025 436 3082 si
465 3023 527 3094 jam
557 3025 638 3084 forte
670 3026 892 3099 sepult.us.“
937 3023 1055 3084 Lucani
1082 3023 1131 3081 lll.
1164 3022 1221 3086 ol:

61 3146 79 3187 o
103 3130 209 3186 bene
232 3127 328 3186 nudi
353 3128 536 3187 Crassorum
561 3128 720 3187 cineres.“
769 3129 844 3189 157:
869 3127 981 3189 Omnia
1002 3127 1078 3188 dent
1101 3143 1221 3203 poenas

59 3231 169 3290 nudo
195 3229 271 3297 tibi,
295 3229 425 3307 Magne,
449 3232 626 3306 sepulcra.“
671 3231 856 3307 Hieronymi
880 3232 916 3290 V.
939 3231 983 3292 St.
1007 3229 1096 3291 Pauli
1116 3229 1137 3289 l.
1167 3230 1221 3290 lol.

61 3335 140 3393 109:
164 3338 268 3391 utrum
291 3338 408 3391 tectum
426 3339 623 3407 putresceret
638 3334 773 3393 cadaver
788 3352 826 3394 an
852 3336 1025 3394 nudum.“
1057 3331 1221 3393 Clandiani

58 3433 193 3494 B.Gild.
208 3435 285 3493 403:
309 3435 404 3495 nudi
433 3436 607 3511 pulvere
630 3436 748 3495 Manes.
772 3435 914 3496 Senecae
935 3435 1096 3495 Trosslll:
1120 3434 1223 3495 nuda

59 3537 139 3596 totis
165 3553 237 3596 ossa
254 3553 335 3611 quae
355 3539 475 3614 possim
487 3536 593 3608 jacent
618 3539 830 3600 Inhumata
854 3539 1004 3614 campis.“
1027 3539 1132 3598 Barth.
1145 3538 1221 3598 Stat..

59 3641 159 3698 Theb.
186 3637 248 3695 llll.
276 3640 334 3699 193
359 3659 390 3715 p.
410 3641 501 3711 1858.
558 3643 640 3701 Cort.
663 3645 776 3702 Lucan.
801 3642 851 3701 Vl.
877 3643 936 3700 550
961 3660 990 3716 p.
1010 3642 1048 3702 al
1082 3646 1114 3700 et
1144 3637 1220 3697 Vlll.

60 3741 136 3800 434.
163 3759 192 3816 p.
218 3741 288 3801 337.
320 3743 357 3801 cf.
382 3742 460 3802 Pric.
483 3744 576 3819 Apul.
602 3745 673 3803 Met.
698 3743 774 3804 Vlll.
801 3763 830 3820 p.
848 3744 917 3804 314.

585 3911 701 4007 xxti.

150 4066 259 4141 Neque
284 4068 379 4128 aliam
402 4069 550 4128 medendi
575 4069 729 4129 rationem
753 4069 874 4145 flagitat
899 4083 1009 4124 versus
1033 4064 1081 4121 lV.
1109 4066 1137 4131 5,
1164 4064 1216 4122 ll:

235 4171 357 4231 Tutus
382 4174 452 4231 hos
476 4174 627 4232 etenim
651 4192 719 4234 rura
744 4169 1020 4247 perambulat,

170 4313 174 4321 .
238 4272 374 4334 Nutrit
398 4293 465 4336 rura
489 4275 608 4334 Ceres
633 4276 816 4348 almaque
839 4270 1056 4330 Faustitas.
