2806 4866
684 275 748 348 1⁰8

139 454 233 534 atque
255 448 388 509 Horatio
415 447 477 519 jam
506 448 618 508 merito
647 450 680 509 id
702 438 896 518 reddamus,
921 450 1006 524 quod
1028 452 1146 522 Ennio,
1182 455 1293 513 Luere-

140 552 198 621 tio,
229 550 367 628 Virgilio
393 557 440 620 et,
471 566 512 610 ne
537 567 647 611 omnes
670 568 872 621 recenseam,
902 551 1072 612 Prudentis
1103 558 1177 635 περὶ
1205 577 1294 638 orep.

142 652 170 712 ll.
196 653 268 713 263.
294 654 382 713 Orac.
406 670 455 729 ap.
479 653 538 713 lul.
559 653 662 713 Valer.
686 655 721 713 H.
743 654 830 715 Gest.
854 655 944 714 Alex.
961 653 982 711 l.
1000 655 1038 714 34
1062 674 1090 731 p.
1108 657 1162 715 ll:
1192 657 1295 727 Quare

143 756 170 816 il
190 762 302 833 putato
325 761 413 817 tute
438 755 756 818 commodissimum“
781 773 968 818 concessum
991 758 1059 818 fuit.

219 995 331 1072 Neque
355 997 450 1057 aliter
470 995 674 1068 judicandum
699 1004 748 1057 est
771 999 811 1057 de
835 1014 941 1085 versu·
955 1001 988 1059 i:

351 1134 564 1195 Telluris
554 1150 748 1206 JuvcneS,
771 1135 874 1195 unde
896 1134 1056 1217 perleslun

476 1238 654 1315 Fulgeus
678 1238 922 1298 contremuit
950 1238 1087 1298 doinus

349 1339 513 1401 Saturni
535 1340 695 1399 veteris

148 1473 171 1532 in
200 1474 280 1534 banc
312 1477 455 1552 speeiem
492 1476 619 1536 detorto
654 1495 682 1552 p.
706 1476 873 1537 LXXXIII:
907 1475 991 1535 unde
1021 1491 1089 1552 per
1123 1476 1293 1534 aethera

146 1575 289 1653 fulgens.“
336 1577 458 1648 Quanto
481 1578 608 1638 facilius
632 1579 694 1639 hoc
716 1580 912 1657 persuadere
934 1577 1046 1638 videor
1069 1577 1198 1646 eodern,
1229 1595 1291 1652 qno

145 1679 287 1739 amultis
319 1682 503 1741 vocabulum
534 1683 649 1743 netas
680 1681 800 1763 (Barth.
822 1679 898 1742 Stat
921 1681 1017 1739 Theb.
1033 1679 1082 1739 ΙΙΙ.
1102 1682 1138 1739 54
1174 1697 1203 1754 p.
1219 1680 1290 1739 686

145 1780 215 1840 Cori.
239 1782 354 1842 Lucan.
379 1782 401 1839 Ι.
426 1783 486 1842 616
518 1803 547 1860 p
566 1783 652 1868 161),
693 1785 787 1845 modo
811 1783 951 1906 positum
973 1784 1012 1842 ab
1034 1781 1166 1842 Horatio
1190 1782 1291 1840 luisse

143 1883 353 1958 piaculum.

618 1989 721 2049 unde
744 1984 919 2070 (piaculum)

391 2090 568 2168 Fulgens
599 2089 850 2151 contremuit
881 2088 1033 2152 domus.
1068 2133 1071 2137 .

136 2225 220 2286 Gui'
213 2227 278 2303 rpsi
303 2228 458 2287 vocabulo
482 2229 673 2302 saepissime
696 2227 847 2288 nocuisse
871 2227 920 2296 id,
950 2224 1118 2301 quodiam
1139 2223 1290 2284 librorum

132 2345 289 2389 consensu
326 2329 358 2388 in
394 2330 456 2389 hoc
492 2331 563 2389 loco
599 2328 808 2399 inveteravit,
846 2329 1007 2388 declarant
1036 2327 1156 2386 Plinius
1187 2326 1221 2385 ll.
1252 2325 1288 2385 H.

131 2429 220 2491 XXV.
234 2430 275 2503 8,
300 2433 356 2490 lb:
389 2432 500 2492 domus
524 2438 591 2492 tuta
614 2449 630 2493 a
656 2431 836 2508 piaculis
861 2430 1016 2490 omnibus.
1060 2426 1153 2487 Voss.
1179 2429 1287 2503 peri-

127 2533 252 2594 culis.
296 2533 446 2594 Valerius
468 2535 598 2595 Flaccus
623 2533 656 2593 ΙΙ.
682 2535 760 2595 563;
797 2539 870 2609 post
894 2537 1010 2609 quauta
1039 2530 1205 2607 piacula
1235 2546 1287 2604 pa-

125 2641 220 2696 trum.
272 2637 376 2697 Burin.
414 2637 483 2696 cod.
522 2637 722 2711 pericula.
779 2637 969 2697 Claudianus
1005 2634 1134 2708 Eutrop.
1156 2634 1177 2691 l.
1211 2633 1287 2692 431:

123 2739 302 2816 peregrina
324 2739 501 2815 piacula.
526 2740 581 2800 Ox.
604 2740 674 2800 Vat.
694 2737 849 2799 Putlllaz.
876 2740 914 2798 al.
939 2738 1129 2813 pericula
1153 2741 1184 2794 et
1208 2752 1287 2809 quos

123 2841 293 2901 nominant
317 2840 470 2901 Heinsius
495 2841 584 2902 avio.
607 2840 678 2901 Met.
696 2841 760 2900 XV
780 2843 894 2918 lblp.
913 2840 1004 2902 1919.
1029 2841 1288 2912 Bunnannusque

123 2941 162 3001 ΙΙ.
189 2944 250 3004 565
275 2959 304 3017 p
323 2944 382 3006 139
408 2950 439 3003 et
461 2944 530 3005 Val.
553 2944 652 3004 Flacc.
676 2942 711 3003 ΙΙ.
730 2944 789 3004 563
813 2959 842 3017 p.
858 2943 920 3002 219
947 2947 977 3000 et
1001 2940 1191 3000 Arntzenius
1211 2940 1286 2997 Ara

121 3052 185 3106 tor
203 3046 223 3105 l.
242 3046 301 3107 188
326 3065 357 3122 p.
373 3047 412 3107 'lb
429 3043 502 3129 *.)

121 3216 367 3229 m—

212 3316 244 3384 .*)
278 3318 357 3369 Libet
389 3318 510 3383 adjicere
541 3317 614 3369 idem
644 3319 807 3372 vocabulum
838 3317 913 3384 apud
941 3315 1154 3365 Ariminnum
1185 3310 1286 3363 Marc.

121 3405 322 3468 xv11.4,15:
354 3403 478 3454 restabat
501 3404 620 3467 erectio,
645 3419 714 3467 quae
732 3404 779 3455 vix
799 3409 845 3453 aut
871 3419 905 3452 ne
923 3401 970 3453 vix
989 3400 1098 3464 quidem
1123 3398 1287 3464 sperabatur

122 3507 209 3562 posse
235 3490 367 3557 compleri
391 3489 599 3554 erectisque
624 3504 733 3554 usque
763 3489 811 3554 (id
836 3494 889 3540 est
914 3488 1046 3550 absque
1071 3487 1182 3536 becuns.
1208 3485 1285 3534 ide·

124 3578 269 3641 stisque
287 3575 357 3628 Flos.
375 3576 453 3627 Rom.
473 3574 581 3639 Vetic.)
605 3574 804 3643 periculum
828 3574 892 3625 altis
915 3573 1045 3632 trabibus,
1059 3599 1094 3611 --
1112 3573 1287 3622 innectuntur

122 3663 197 3715 vasti
215 3661 321 3713 inues“
344 3662 472 3730 imperite
500 3676 516 3711 a
540 3660 661 3712 librariis
686 3660 792 3711 illatum
819 3675 880 3711 esse
906 3674 955 3727 pro
979 3658 1116 3709 mentione
1136 3657 1285 3721 singularis

124 3747 270 3813 cujusdem
289 3754 439 3815 apparatus
457 3748 485 3798 iu
506 3747 578 3798 hunc
596 3747 706 3798 modum
723 3745 814 3797 lactat·
840 3745 980 3818 compleri¹
993 3745 1133 3810 ergatis
1151 3743 1284 3808 trispa-

124 3835 269 3897 stisque.
306 3834 370 3885 Per
396 3834 550 3885 suculam
578 3832 834 3884 elatistrabibus
853 3831 918 3881 —.“
957 3830 996 3880 De
1022 3846 1074 3894 qua
1099 3845 1128 3879 re
1155 3829 1223 3878 nibil
1241 3843 1284 3878 su-

124 3919 395 3988 spicatusHauptius
412 3919 481 3971 haec
500 3920 554 3971 sibi
572 3920 647 3971 visus
666 3925 708 3969 est
720 3917 902 3985 probabiliter
916 3917 1088 3968 restituisse:
1109 3915 1141 3965 di
1152 3915 1284 3978 gestis·

126 4020 186 4071 que
212 4004 252 4056 sd
272 4005 560 4073 perpendiculum
579 4004 642 4056 altis
660 4004 785 4055 trabibus
794 4004 827 4064 ‘.‘;
852 4018 1048 4065 assensumque
1067 4003 1108 4063 is,
1133 4000 1178 4063 qui
1198 4015 1284 4066 nuper
1395 4007 1397 4012 ’

129 4091 265 4141 Ammiani
283 4107 353 4158 opus
371 4092 523 4155 recensuit,
541 4090 670 4158 praebuit
690 4097 716 4140 et
735 4091 831 4142 hocin
852 4088 910 4140 loco
930 4095 957 4139 et
975 4089 1003 4137 in
1023 4086 1101 4148 aliis,
1129 4087 1162 4136 de
1185 4085 1282 4148 quibus

127 4175 204 4241 longe
225 4177 278 4227 alia
296 4191 526 4244 praeceperamus
545 4184 639 4228 nostra
659 4177 693 4228 ad
710 4176 858 4241 Berglrium
877 4175 910 4225 de
929 4172 1065 4223 Ammiani
1085 4171 1153 4223 locis
1174 4179 1281 4223 contro-

129 4259 211 4314 versis
231 4262 356 4330 Epistola
376 4262 477 4315 Gritlca
506 4262 583 4328 qNov.
604 4262 709 4316 Strel'rt.
731 4261 819 4327 1868).
