2806 4866
669 299 714 368 27

147 475 346 543 Mutatus,
372 474 584 550 Ligurine,
610 472 646 532 16
670 471 818 532 faciem
842 473 1020 532 verterit
1043 473 1266 551 hispidam,

145 578 294 646 Dices,
311 577 405 646 6611,
424 576 617 651 quotiens
640 581 680 634 te
703 575 878 651 speculo
898 575 1055 636 rideris
1076 579 1267 650 alterum,

149 681 259 751 Quae
282 695 393 738 mens
419 685 479 737 cst
502 677 645 747 hodie,
677 695 741 737 cur
764 676 900 737 eadem
924 695 997 738 non
1028 696 1152 754 puero
1175 681 1267 752 luit,

146 782 391 842 Velcurlris
411 781 559 842 animis
577 779 806 841 incolumes
830 780 1265 859 nonredeuntgenae?

105 887 264 948 Lelrrsius
288 887 336 946 sic
359 886 525 945 defunctus
550 891 600 943 est
624 903 654 961 p.
672 883 824 954 CXXXII,
847 890 881 944 ut
905 885 1108 960 profiteretur
1131 887 1194 947 sibi
1210 888 1265 948 im-

105 991 238 1067 probari
264 995 296 1048 et
319 992 453 1050 bruma
476 993 507 1047 ct
527 1005 639 1064 ruga,
663 989 790 1064 placere
808 1003 946 1063 poena.
981 987 1266 1058 Quodawitlrofio

105 1093 327 1169 excogitatum
357 1110 416 1151 sno
446 1089 549 1166 ipsius
584 1091 734 1159 invento,
771 1089 804 1149 id
833 1091 918 1165 quod
948 1090 1073 1167 ignorat
1104 1093 1267 1164 Lelrrsius,

105 1196 263 1272 praetulit
286 1193 488 1254 llarlrlandus
519 1192 688 1269 Explicatt.
711 1193 794 1252 Vett.
820 1195 909 1255 Auct.
935 1194 984 1254 Gr.
1011 1200 1042 1253 et
1065 1197 1130 1255 Lat.
1162 1198 1266 1272 peta

105 1298 337 1373 laudaruntque
360 1295 519 1356 Bosclrius
542 1296 636 1355 Anth.
656 1295 705 1355 Gr.
722 1295 755 1354 V.
780 1316 808 1372 p.
826 1298 882 1357 166
915 1303 947 1355 et
969 1295 1117 1357 Eldiliius
1140 1297 1264 1376 Suspic.

105 1421 138 1477 p.
165 1401 214 1460 61.
260 1399 428 1460 Immerito.
476 1399 556 1468 Quid
581 1394 689 1458 enim?
726 1399 809 1474 quod
839 1401 965 1460 tandem
990 1400 1189 1462 librariorum
1211 1421 1265 1480 ge-

105 1522 166 1564 nus
200 1503 354 1564 credibile
384 1511 434 1563 est
464 1503 536 1563 voci
568 1503 606 1562 ad
639 1502 878 1580 intelligendum
908 1505 1114 1581 planissimae
1140 1525 1267 1584 poena

105 1606 278 1666 suffecisse
301 1622 417 1666 nomen
450 1620 509 1665 nee
533 1605 564 1665 in
588 1622 628 1665 66
651 1606 827 1675 semanim,
853 1605 941 1678 cnjus
964 1613 1073 1669 auctor
1096 1615 1145 1668 est
1167 1611 1266 1671 falsus

105 1713 169 1770 iste
194 1712 276 1770 Acro
302 1729 330 1786 p.
347 1710 452 1778 illst
477 1705 731 1792 (Porphyr.15):
757 1710 892 1784 plumam
916 1728 973 1784 pro
995 1711 1115 1771 barba
1137 1714 1268 1789 posuit‘¹

105 1814 319 1872 uehementer
342 1829 484 1889 pugnans
509 1830 577 1871 cnm
604 1828 678 1873 vero
692 1814 817 1872 Acrone
841 1831 871 1886 p.
886 1811 959 1880 llo,
974 1812 1029 1870 25:
1053 1814 1093 1872 de
1114 1815 1266 1892 Ligurino

104 1917 228 1988 1116666
259 1914 414 1989 loquitur,
449 1933 511 1989 quo
550 1916 644 1976 inodo
674 1917 711 1975 16
749 1919 969 1973 senectute
1008 1916 1267 2001 contristetur“),

108 2016 198 2092 apud
221 2022 349 2075 ueteres
372 2025 531 2094 receptum
557 2024 588 2077 et
613 2019 692 2078 mira
725 2016 901 2076 litterarum
933 2015 1196 2079 dissimilitudine
1221 2021 1264 2081 16-

107 2116 231 2194 signe?
275 2120 341 2180 Jam
372 2121 432 2180 iste
464 2124 629 2181 verborum
660 2121 752 2181 ordo:
789 2138 857 2180 eum
887 2120 1029 2179 veniet
1059 2137 1165 2197 poena
1193 2129 1267 2186 tuae

105 2225 272 2299 insperata
295 2223 467 2300 superbiae
486 2231 517 2284 et
537 2241 646 2285 comae
664 2223 853 2292 deciderint,
876 2222 1001 2285 Dices
1026 2225 1088 2285 beu
1102 2237 1170 2270 -“
1194 2247 1266 2289 6166

105 2328 177 2387 ullo
208 2333 315 2401 potest
344 2329 420 2387 terri
450 2335 560 2404 pacto,
595 2345 689 2402 qrrnm
719 2343 855 2403 poenam
885 2334 1037 2403 appareat
1068 2329 1097 2387 in
1129 2345 1168 2389 6ο
1193 2331 1265 2408 ipso

106 2432 252 2507 positam
276 2446 364 2500 esse,
388 2430 473 2505 quod
496 2431 664 2491 dicendum
681 2429 850 2504 aliqnando
867 2429 924 2488 sit:
946 2430 1008 2488 6611
1027 2465 1067 2473 -
1083 2446 1266 2504 6666111665

110 2539 162 2592 est
186 2534 300 2603 hodie,
331 2553 384 2594 cur
409 2534 520 2594 eadem
550 2554 609 2594 non
642 2550 741 2610 puero
764 2530 876 2593 fuit?“
920 2533 966 2594 Ac
989 2533 1073 2609 quod
1096 2534 1266 2610 aliqnando

107 2639 247 2695 futurum
271 2643 335 2706 est,
364 2644 398 2695 ut
423 2653 532 2696 comae
565 2636 714 2697 decidant
745 2643 777 2696 et
807 2638 895 2697 color
924 2642 1076 2706 rnutetnr,
1107 2654 1186 2698 eane
1215 2656 1265 2700 res

105 2739 236 2798 ridetur
259 2755 356 2814 posse
381 2740 445 2799 diei
469 2737 705 2816 insperata?
731 2758 768 2800 an
792 2746 825 2799 tn
850 2755 963 2799 666565
987 2755 1116 2816 puerum
1135 2743 1264 2804 minime

105 2846 260 2903 lastosurn
285 2845 347 2903 lroc
369 2844 549 2927 habiturum
580 2844 681 2902 fuisse
714 2842 865 2919 praemii,
898 2848 933 2900 ut
956 2858 995 2901 ne
1019 2849 1167 2903 senectus
1198 2846 1265 2918 qni-

105 2947 177 3005 6616
203 2963 362 3006 comarum
386 2947 529 3005 humeris
552 2945 789 3006 involitautium
811 2947 965 3005 honorem
994 2943 1182 3003 decuteret?
1211 2947 1265 3005 de-

105 3050 203 3122 nique
219 3049 291 3108 illa:
317 3066 386 3108 oum
408 3049 551 3108 veniet
574 3048 917 3108 lit-deciderint
936 3050 1266 3109 -et—verterit

106 3152 190 3210 inter
219 3166 255 3210 56
289 3167 465 3227 congruere
495 3152 614 3210 nemini
637 3152 733 3212 facile
756 3149 952 3227 persuaserit
975 3148 1168 3212 Sclrraderus
1191 3153 1265 3212 Α61-

105 3253 208 3312 madr.
233 3252 273 3312 ad
296 3253 374 3312 llus.
399 3253 503 3312 llVlll.
529 3273 558 3329 p.
585 3255 664 3326 3123
698 3269 802 3326 neque
833 3253 917 3312 enim
941 3253 1098 3314 Meineliii
1122 3253 1264 3331 Hauptii-

105 3373 168 3430 qne
201 3362 232 3415 et
256 3358 480 3432 plerorumque
510 3357 649 3416 omnium
677 3356 840 3415 silentium
870 3355 963 3415 nobis
994 3374 1050 3431 pro
1081 3365 1265 3433 argumento

105 3466 164 3519 est.
208 3461 320 3534 ltaque
343 3461 511 3536 repudiata
535 3477 613 3521 roeo
639 3462 791 3536 pluma,
821 3477 914 3534 quam
938 3464 1025 3519 recte
1049 3460 1080 3520 in
1105 3464 1264 3536 equestris

105 3563 290 3639 elegantiae
314 3563 564 3640 descriptionem
588 3563 722 3624 contulit
746 3563 966 3622 Sarbieviusl.
989 3564 1022 3624 11
1051 3565 1149 3639 pil:
1185 3564 1264 3635 Quid

105 3669 210 3725 levem
226 3666 350 3742 galeam
362 3665 452 3737 juvat
467 3667 690 3726 Plunrarum
709 3667 869 3727 volucrem
887 3665 972 3725 serre
993 3667 1265 3750 superbiam“,

105 3769 158 3829 616
183 3769 295 3828 665616
323 3786 384 3844 qna
407 3770 530 3829 ratione
555 3769 628 3828 freti
652 3769 851 3829 retinuerunt
867 3769 1049 3829 Meineliius
1073 3776 1168 3845 atque
1183 3769 1264 3828 Hau-

105 3874 210 3948 ptiuS,
236 3853 475 3947 suscipiendum
500 3871 585 3932 omni
609 3873 718 3933 farore
743 3878 808 3943 est,
832 3873 916 3948 quod
941 3872 1149 3949 sagacissime
1172 3871 1263 3929 Bent-

105 3974 185 4045 161115
212 3974 391 4051 indagavit:
428 3977 578 4048 bruma,
609 3976 667 4035 sed
689 3992 740 4035 res
765 3977 901 4036 solerter
931 3976 1080 4035 inchoata
1103 3973 1150 4032 sie
1172 3972 1264 4047 perfi-

105 4077 219 4138 cienda
244 4084 294 4136 est
318 4085 414 4153 atque
439 4078 630 4149 excolenda,
661 4085 695 4138 nt
720 4078 948 4140 sententiarum
978 4077 1054 4136 ordo
1083 4073 1265 4134 instituatur

105 4183 170 4242 tic:
205 4181 228 4240 0
254 4182 393 4241 erudelis
418 4181 521 4242 adhuc
544 4189 577 4242 et
600 4183 736 4243 Veneris
767 4181 950 4243 muneribus
977 4184 1108 4252 potens,
1140 4179 1265 4251 qualem
1349 4222 1351 4227 -

105 4302 130 4345 ,6
157 4292 309 4345 senectus
334 4302 391 4362 spe
417 4285 554 4347 celerius
578 4293 711 4345 uentura
744 4279 903 4345 inveniet!
955 4280 1042 4351 Quae
1070 4281 1125 4342 ubi
1148 4282 1260 4357 aderit,
