2806 4866
10 86 192 166 oea-⁶⁸),
224 103 317 161 quam
341 86 379 146 ad
402 87 615 166 detegendum
639 109 779 156 errorem
811 98 1011 166 librariorum
1034 110 1124 172 vocis
1147 116 1237 176 novi·
1295 149 1298 154 ·

10 177 172 248 [taem
195 190 406 290 uehementer
435 191 618 254 miratorum
652 195 836 260 instructam
861 198 984 284 (deins.
1007 207 1095 288 virg.
1120 213 1233 296 Georg.

10 264 114 344 [11.
151 290 212 351 iia
236 306 266 367 p.
287 288 382 374 som:

38 388 41 393 ’
271 407 278 419 ·
333 394 463 458 dmade
485 397 607 459 vitam
631 409 808 463 sumeret
831 409 988 483 aptius,

79 555 84 560 ,
332 495 636 562 Pacem-duello
660 504 837 566 miscuit.

10 564 331 658 Persentiscisne
354 600 435 661 hanc
457 603 664 665 acerbitatem
689 606 866 681 irrisionis,
892 629 953 688 qua
975 617 1121 678 consulto
1140 619 1233 682 miles

15 665 143 758 ispe
163 701 306 777 elegisse
329 700 463 773 dieitur,
490 705 575 780 qnod
600 708 739 769 omnium
756 713 890 774 maxime
905 715 1100 778 dedeceret?
1134 720 1234 791 Quum

17 787 181 866 &patim
207 809 313 873 esset,
344 803 465 880 inquit,
496 813 528 867 et
552 808 692 872 Romano
722 815 803 874 mori
833 800 1082 881 consentaneum
1105 824 1234 884 aliunde

20 888 146 964 beat
166 903 293 987 (Catull.
319 906 369 977 bl,
395 907 471 990 15³)
502 911 635 972 salntem
668 913 700 974 id
731 922 780 976 est
810 932 850 979 ex
881 920 953 996 ipsa
981 918 1094 984 salutis
1117 925 1232 1003 despe-

24 994 199 1070 'naione
245 1015 451 1086 eiii-emaque
490 1011 696 1076 dimicatione
737 1014 843 1100 (cera.
876 1021 958 1100 vii-g.
989 1027 1067 1085 aon.
1098 1027 1133 1087 ii.
1170 1009 1234 1091 aii

10 1092 94 1175 θυι
121 1111 188 1171 aaa
213 1129 259 1187 sq.
305 1111 378 1172 noi.
403 1114 501 1174 carin.
526 1116 575 1175 iv.
600 1117 629 1187 i,
653 1116 726 1202 ao),
758 1122 868 1184 maria
891 1125 954 1185 isia
978 1127 1040 1203 ipsi
1066 1131 1232 1192 certamini

10 1196 260 1277 &mainonis
288 1214 484 1276 deditionem
517 1223 548 1277 et
579 1220 626 1279 rei
655 1239 747 1282 marm
779 1226 939 1300 gerendae
969 1230 1092 1290 nefarie
1115 1234 1232 1294 oblitus

10 1310 20 1339 ²
79 1388 89 1399 ‚‚
144 1335 185 1400 *m
217 1333 309 1378 orare
344 1334 437 1378 mauu
472 1314 574 1400 (virg.
598 1324 676 1383 Aen.
700 1324 735 1383 X.
767 1324 832 1410 ab).
883 1328 1060 1392 Miscere
1094 1349 1232 1408 pacem

95 1482 98 1487 ,
127 1421 212 1480 ello
243 1426 365 1491 autem,
402 1427 436 1480 ut
465 1421 697 1484 sillitana:
736 1426 891 1504 virgaque
919 1431 1048 1508 lugente
1083 1438 1231 1499 tenebras

100 1519 291 1599 ¹,iacuerat
320 1524 448 1584 lucem
478 1525 733 1586 somno-deus.
758 1527 809 1586 Xl.
834 1531 888 1588 52:
920 1532 1096 1593 miscere
1128 1551 1229 1611 epu·
1350 1548 1352 1553 ’

115 1627 397 1702 t.spectaciila
419 1626 488 1686 dira
512 1627 693 1688 certantum
716 1628 834 1689 lerro.“
879 1630 957 1694 lllll.
977 1634 1051 1696 tot:
1075 1634 1229 1699 Miscebat

139 1727 167 1789 is
190 1727 307 1788 lacta.“

569 1948 746 2041 xxxta.
859 1874 862 1878 Δ

53 2118 62 2127 ’
158 2137 249 2209 Quod
272 2155 343 2198 raro
367 2137 500 2207 accidit,
523 2137 633 2197 versui
656 2137 678 2196 l.
704 2138 754 2210 tr,
779 2140 813 2200 l:

62 2235 65 2241 ’
183 2234 186 2244 '
235 2240 343 2301 Nunc
366 2245 426 2299 est
450 2239 684 2312 bibendum,
708 2258 808 2302 niinc
830 2243 936 2317 pede
960 2243 1094 2305 libero

228 2341 427 2425 Pulsanda
451 2343 599 2414 tellus,
632 2362 735 2406 nunc
764 2345 1003 2408 Saliaribus

287 2447 437 2507 Ornare
462 2447 658 2523 pulvinar
680 2447 845 2508 deorum

98 2622 106 2634 ἱ
329 2550 498 2626 Tempus
522 2554 586 2612 erat
608 2548 800 2624 dapibus,
830 2550 997 2610 sodales

10 2724 15 2731 .
65 2653 221 2734 pepercit
242 2650 396 2714 Lehrsius
420 2668 438 2712 a
460 2650 683 2727 Peerlltampio
714 2652 911 2729 reprehenso
943 2657 976 2710 et
1005 2651 1038 2711 in
1060 2652 1144 2711 hunc
1167 2668 1231 2711 mo-

10 2766 22 2815 ':·
52 2746 145 2819 'dum
169 2760 330 2816 correcto:
355 2754 440 2814 Nunc
455 2753 632 2816 Saliaribus
650 2754 766 2815 Ornata
790 2754 936 2831 pulvinar·
958 2753 1100 2824 deorum,
1123 2754 1231 2814 Tem-

10 2870 15 2885 “·
67 2879 145 2940 pus
169 2863 276 2927 erat,
299 2857 468 2934 dapibus.“
514 2857 572 2917 cni
592 2855 785 2918 correctioni
808 2871 985 2934 repugnare
1009 2856 1140 2917 latinam
1160 2872 1231 2916 con-

69 2961 278 3026 suetudinem
300 2960 492 3038 intelligitur
515 2960 565 3018 val
590 2974 631 3018 ex
655 2959 697 3017 iis
720 2959 818 3027 locis,
842 2975 922 3032 quos
940 2959 1176 3035 composuimus
1200 2958 1232 3020 in

70 3068 151 3129 Stat.
174 3063 239 3125 Ecl.
260 3065 316 3125 ult.
342 3064 380 3123 ta
404 3081 435 3140 p.
450 3063 489 3123 oi
504 3079 549 3137 sq.
595 3059 797 3121 Cornuiodius
822 3064 908 3119 certe
932 3066 964 3120 et
978 3059 1140 3120 Usenerus
1154 3061 1232 3121 llus.

70 3171 174 3231 Rhea.
196 3167 295 3227 XXIV
319 3186 348 3245 p.
367 3167 442 3228 lta:
474 3164 601 3226 Ornas'
609 3179 652 3223 se
675 3168 865 3239 -tempus
888 3168 985 3223 erat“
1015 3168 1047 3222 et
1075 3162 1231 3224 Linlierus

71 3273 144 3333 sive
167 3270 317 3332 Horatius
341 3275 485 3330 renatus:
508 3265 683 3328 Saliaribus
698 3266 816 3326 Ornare
833 3259 980 3340 pulvinar
998 3265 1132 3328 deorum⁴
1145 3266 1232 3326 Tem-

71 3390 133 3453 pus
157 3380 253 3435 avet
276 3372 451 3449 dapibus“,
474 3370 528 3430 liic
551 3369 680 3446 quidem
705 3366 851 3428 oratione
874 3384 951 3427 usus
974 3384 1037 3429 non
1052 3368 1235 3440 incornipta

71 3478 110 3537 cl.
135 3476 187 3536 lV.
215 3476 264 3546 tl,
281 3477 319 3534 ἵε
343 3478 561 3534 ara-avet
585 3471 747 3531 immolato
771 3468 969 3547 Spargier
991 3475 1108 3546 agno.“
1143 3463 1233 3525 Adeo
1348 3488 1358 3497 κ

71 3578 174 3658 igitur
195 3577 361 3638 doctorum
383 3574 545 3637 homiuum
574 3574 677 3635 aciem
707 3573 854 3650 lugerent
883 3572 945 3634 duo
976 3570 1071 3639 vitia,
1102 3579 1233 3642 quorum

69 3685 209 3746 alterum
222 3698 252 3742 ⁴a
273 3678 495 3754 reerrimpio
524 3680 683 3739 detectum
713 3679 899 3739 continuare
929 3676 1006 3736 lieet
1035 3665 1233 3731 meinorabili

16 3786 21 3796 ⁸
69 3785 293 3860 exemplorum
330 3782 425 3859 copia
462 3778 567 3864 (Prop'.
597 3781 617 3840 Ι.
651 3782 679 3850 1,
711 3783 766 3842 35:
805 3778 936 3838 vitate.
964 3772 1094 3834 Mentel.
1123 3770 1231 3831 Heius.

67 3891 213 3950 vitare.
256 3886 383 3955 litat,
407 3885 444 3946 ²1
474 3888 674 3962 properate.
696 3883 795 3956 Neap.
812 3888 1019 3955 properare.
1045 3871 1134 3933 Ovid.
1150 3868 1231 3931 Fast.
