2806 4866
569 350 575 355 ,
631 267 652 336 a

61 439 186 500 moriae
198 443 328 498 nostrae
342 436 492 513 obcurrit:
510 436 541 496 iu
554 438 703 514 vulgus
719 439 1078 515 pervulgatunr“‘et
1094 444 1216 520 siquae

56 547 167 604 extant
189 558 253 600 non
279 539 407 599 omnino
431 537 620 608 dissimilia,
643 544 678 598 ut
702 539 791 599 Ouid.
816 539 887 600 Met.
912 542 932 600 l.
957 545 1036 606 ddi:
1069 547 1215 607 Aeter-

54 661 143 705 num
174 647 300 702 nostros
329 641 433 700 luctus
464 640 613 701 extendat
645 641 683 701 in
713 652 886 702 aevum.“
932 644 1035 715 Quare
1058 663 1152 723 quum
1175 663 1216 709 ne

56 747 105 806 ita
128 744 272 820 quidem,
296 742 324 802 si
341 759 428 813 earn,
452 760 544 818 quarn
562 741 672 814 injecit
688 744 883 805 Burmannus
898 746 985 824 Virg.
1001 750 1079 811 Aen.
1092 751 1141 809 Vl.
1154 751 1214 810 abt

59 867 89 925 p.
117 848 194 916 139,
230 844 461 906 dubitationem
500 845 607 904 levem
642 846 842 917 duxerimus,
880 847 1014 910 rationis
1047 852 1088 911 sit
1117 853 1216 912 verbo

57 954 252 1010 aeternat
275 947 424 1007 sufficere
448 948 497 1015 id,
530 945 615 1021 quod
637 948 736 1008 multo
761 949 949 1025 scriptorum
972 969 1032 1012 usu
1056 953 1217 1031 cognitum

56 1050 275 1127 suppeditavit
297 1048 554 1125 Peerlkampius:
579 1050 799 1121 extendat,
825 1070 887 1112 non
911 1059 1033 1113 temere
1058 1054 1216 1132 suspicari

54 1153 201 1214 videmur
230 1153 262 1212 in
289 1153 350 1212 hoc
380 1152 452 1211 loco
483 1150 516 1211 id
539 1151 657 1211 erroris
687 1169 806 1229 genus,
838 1154 923 1228 qnod
946 1173 1042 1231 supra
1065 1157 1214 1233 perstrin-

55 1257 180 1325 ximbS,
218 1253 388 1314 admissum
427 1253 538 1313 fuisse.
599 1252 652 1313 Sic
682 1255 780 1330 igitur
809 1257 992 1317 statuimus:
1022 1266 1215 1320 aeternat

58 1357 156 1427 illud,
192 1357 277 1431 quod
311 1373 329 1415 a
357 1355 577 1431 Porphyrione
611 1361 795 1431 usurpatum
832 1375 961 1419 manere
1000 1362 1146 1422 videmus
1182 1362 1215 1422 in

60 1458 162 1519 Gloss.
184 1460 277 1518 Labb.
301 1477 331 1535 p.
349 1463 383 1520 9:
408 1458 578 1529 „aeterno
601 1450 869 1532 anoaavartm‘z
894 1477 913 1520 a
932 1463 1144 1537 grammaticis
1169 1464 1214 1523 in-

55 1558 254 1638 terpretandi
277 1562 379 1638 gratia
402 1559 652 1636 superscriptum
682 1559 713 1620 in
745 1561 849 1637 ipsum
874 1566 1041 1624 verborum
1072 1564 1215 1626 ordinem

55 1667 96 1724 ab
119 1665 161 1724 iis
184 1663 339 1725 adscitum
365 1679 458 1733 esse,
491 1661 546 1737 qui
570 1663 655 1736 quod
686 1663 717 1723 in
748 1662 910 1741 principio
941 1683 1053 1727 versus
1076 1667 1216 1743 positum

56 1768 276 1828 invenissent:
315 1772 504 1836 erennet‚
536 1783 599 1826 uon
630 1767 785 1826 habereut
813 1768 890 1842 quid
920 1769 1007 1830 aliud
1037 1769 1099 1829 sibi
1128 1769 1215 1841 velle

56 1871 212 1930 dicerent.
259 1867 364 1938 Quare
386 1866 598 1945 Porphyrioni
623 1868 839 1942 relinquamus
863 1887 953 1929 suurn
980 1870 1059 1930 illnd
1081 1877 1215 1930 aeter-

59 1977 145 2041 nat,
174 1969 306 2031 Horatio
331 1970 494 2032 reddamus
517 1972 594 2031 hoa:
618 1976 833 2047 perennet:

734 2078 841 2143 tuas,

273 2177 479 2252 Auguste,
510 2174 690 2235 virtutes
714 2174 752 2234 in
777 2191 915 2235 aevum

313 2277 385 2337 Per
407 2277 557 2337 titulos
580 2293 860 2352 memoresque
890 2278 1025 2337 fastos

270 2378 418 2442 Perennet.

147 2480 285 2550 eroeum
307 2488 484 2558 congruunt
515 2481 579 2542 loci
609 2481 734 2543 Sidonii
756 2480 953 2558 Apollinaris
982 2481 1081 2558 Epist.
1105 2483 1155 2542 lV.
1183 2487 1215 2542 1:

62 2584 188 2660 longum
218 2583 277 2644 tibi
306 2584 369 2644 etsi
400 2586 479 2645 sede
508 2587 672 2655 absumus,
703 2585 840 2647 assimus
863 2583 996 2655 affeetu,
1025 2583 1113 2657 enjus
1137 2585 1215 2645 inte-

59 2691 200 2747 meratae
222 2693 330 2762 partes
353 2688 488 2747 anobis
519 2689 555 2748 in
587 2685 746 2758 aevum,
777 2687 806 2747 si
840 2685 916 2761 quid
946 2694 995 2746 est
1026 2688 1113 2749 vitae
1143 2687 1215 2747 reli-

58 2807 164 2865 quum,
188 2787 553 2864 perennabuntur“
577 2796 609 2850 et
624 2791 775 2852 Ausonii:
798 2789 898 2865 Epist.
911 2789 988 2849 XVI.
1002 2791 1042 2850 ad
1054 2791 1143 2852 Prob.
1160 2792 1215 2850 tt:

58 2891 175 2962 „lluna
206 2896 499 2969 rursusAugustus
531 2893 618 2969 prior
647 2893 721 2954 Suis
751 2897 952 2969 perennet
982 2892 1151 2953 fascibus“
1184 2897 1216 2950 et

58 3011 139 3070 quos
163 2992 286 3054 addidit
308 2993 427 3054 Savaro
451 2994 559 3055 Sidon.
584 2995 602 3054 l.
627 2995 654 3054 d.
679 3014 707 3072 p.
725 2995 797 3055 233.
854 2992 987 3053 Sidonio
1017 2997 1123 3052 antem
1146 2994 1215 3052 sub-

57 3095 191 3173 iungere
214 3113 272 3157 eos
295 3097 389 3166 licet,
414 3097 469 3172 qui
492 3103 620 3174 praeter
640 3097 836 3173 Propertium
861 3094 1112 3164 etPriseianum,
1135 3111 1215 3169 quos

61 3197 250 3259 testificatus
265 3204 315 3258 est
329 3196 578 3275 Peerlkampius,
603 3199 687 3259 idern
705 3199 863 3268 dixerunt,
887 3200 1045 3257 Lucanum
1056 3196 1120 3256 Vll.
1139 3196 1216 3257 131:

60 3301 192 3371 „diem,
217 3301 382 3376 quitatum
396 3303 491 3362 rebus
515 3302 554 3360 in
578 3316 719 3360 aevum
740 3300 897 3360 Conderet
911 3299 1088 3359 humanis.“
1126 3299 1215 3359 Glan-

59 3404 186 3463 dianum
209 3401 292 3463 llall.
316 3403 434 3464 lheod.
457 3405 535 3463 334:
559 3403 598 3462 in
622 3418 761 3463 aevum
784 3400 969 3462 Procedat.“
1013 3400 1216 3462 Prudentium

60 3507 201 3565 Cathem.
215 3505 264 3564 lll.
280 3507 338 3564 62:
363 3505 500 3576 „Nescit
515 3504 640 3564 esurire
657 3505 695 3564 in
719 3513 890 3564 aevum.“
920 3503 1084 3563 Sedulium
1096 3503 1146 3562 lll.
1161 3504 1215 3564 bl:

58 3626 123 3668 uon
162 3606 311 3667 dormitat
347 3608 386 3667 in
422 3615 590 3668 aevum“
629 3614 661 3666 et
695 3624 774 3682 quos
812 3606 993 3683 composuit
1028 3605 1216 3667 Arntzenius

58 3728 89 3786 p.
119 3709 177 3768 145
202 3709 238 3767 ef.
263 3709 345 3768 Cort.
368 3711 482 3768 Lucan.
508 3709 579 3790 lud·
610 3727 639 3784 p.
666 3710 725 3768 tad
762 3715 793 3768 et
822 3709 843 3768 Ι.
868 3710 930 3769 tlt
959 3727 988 3785 p.
1014 3708 1073 3767 123
1098 3724 1134 3767 aa
1156 3705 1215 3766 Pli-

58 3811 148 3871 nium
170 3809 204 3869 N.
228 3809 263 3869 H.
287 3810 406 3868 XXXV.
420 3810 481 3880 2,2
505 3829 534 3886 p.
552 3812 631 3870 200:
655 3811 780 3887 pictura
804 3845 842 3858 -
867 3811 990 3870 similes
1014 3810 1053 3869 in
1076 3823 1216 3868 aevum

59 3914 314 3989 propagabantur
336 3912 490 3988 figurae.“
534 3911 600 3972 Nee
617 3911 680 3984 jam
695 3918 893 3989 praeteream
908 3909 1043 3971 eundem
1058 3910 1216 3968 Lucanum

59 4015 139 4074 Vlll.
154 4016 232 4075 alo:
257 4015 385 4091 „surgit
407 4013 591 4074 miserabile
606 4016 731 4074 bustum
746 4013 815 4072 Non
838 4012 913 4072 ullis
936 4013 1094 4087 plenum
1116 4007 1215 4067 titu-

62 4095 131 4186 lis,
161 4135 225 4177 uon
257 4117 369 4177 ordine
400 4121 487 4176 tanto
519 4115 768 4184 Fastorum“‚
801 4128 896 4189 quem
925 4109 1049 4171 Horatii
1077 4107 1218 4187 vestigia

62 4219 185 4297 legisse
208 4219 276 4278 vult
293 4218 469 4278 Dorvillius
491 4235 540 4292 ap.
553 4219 655 4278 Bnrm.
679 4235 709 4293 p.
723 4216 782 4275 601
815 4215 852 4274 ef.
875 4210 1035 4272 Claudiam.
1047 4211 1129 4271 Mall.
1146 4214 1216 4274 335.

887 4306 890 4313 .
1012 4309 1057 4377 1*
