2806 4866
743 343 808 414 124

196 520 277 580 haec
301 520 409 597 posuit
432 516 683 581 Sarbievius1.1
708 516 790 593 pi:
821 508 1044 594 superfuso
1075 505 1255 576 tumuere
1277 516 1328 591 pte
1390 484 1393 521 ³

197 637 258 682 nae
280 622 413 683 Nectare
443 619 574 702 ripae“)
607 620 644 680 ci.
669 618 744 680 Sall.
767 618 849 680 Hist.
865 619 902 679 ll.
932 619 1061 696 phot:
1098 612 1331 694 superjectis

196 723 210 782 f
216 724 398 786 luctibus
422 724 650 785 cir·cumlavit.“
680 720 810 783 'Verum
834 722 905 798 ipsa
927 721 1008 782 haec
1031 714 1199 797 aequoris'
1217 736 1332 796 super·

195 823 300 896 jecti
330 827 401 889 sive
430 824 646 902 superfusi
679 822 937 886 commemoratio
967 816 1146 907 (fatendum
1178 828 1228 882 est
1257 821 1335 907 enin)

198 934 230 987 ot
253 934 461 1005 praepostera
483 934 533 987 est
556 932 652 1002 atque
674 927 755 986 adeo
780 939 1019 1000 supervacanea
1047 910 1110 987 nec
1133 922 1200 985 vim
1222 940 1292 1000 prae
1310 941 1337 986 sc

196 1030 258 1090 fert
279 1028 427 1107 dignitati
450 1028 520 1100 ejus
543 1028 625 1098 toci,
649 1044 711 1104 quo
736 1028 955 1103 exemplorum
978 1043 1093 1106 agmen
1117 1028 1262 1106 cogitur,
1281 1046 1339 1088 con·

198 1139 378 1210 mentem,
408 1131 472 1193 nisi
501 1132 583 1192 forte
614 1131 685 1206 quis
709 1136 800 1205 putet
821 1146 885 1189 nou
915 1131 1085 1207 superfuso
1111 1146 1255 1206 aequore
1275 1131 1340 1191 acci·

198 1232 304 1303 disse,
334 1240 368 1293 ut
390 1239 423 1294 et
445 1235 570 1310 phocae
599 1240 725 1295 montes
750 1232 894 1293 viserent
917 1238 950 1292 ct
974 1232 1083 1309 pisces
1114 1234 1176 1294 sub
1199 1231 1290 1293 ulmis
1308 1234 1368 1305 ta,

199 1340 312 1395 terent.
357 1336 467 1410 itaque
489 1351 530 1396 ne
553 1334 702 1396 Horatius
725 1335 878 1396 materiae
908 1333 1064 1411 impetum
1087 1333 1242 1396 similiter
1263 1341 1366 1410 atque-

199 1436 348 1508 Ovidius,
378 1453 472 1513 quem
502 1436 709 1514 reprehendit
731 1436 878 1508 Seneca,
906 1435 1078 1498 minutiore
1108 1435 1240 1515 singula
1262 1437 1345 1498 nomi·

197 1537 294 1599 nandi
317 1557 390 1601 cura
411 1541 550 1617 fregisse
578 1539 741 1609 videatur,
772 1539 877 1600 acrius
907 1540 1137 1616 explorandum
1169 1547 1239 1611 est,
1268 1557 1347 1617 quan

199 1641 324 1702 tandem
357 1649 567 1703 monstrorum
603 1641 776 1702 novitatem
812 1642 931 1718 Pyrrha
967 1647 1082 1718 questo
1118 1658 1198 1703 esse
1230 1638 1348 1706 dicatur

199 1743 296 1816 Quam
318 1746 494 1806 novitatem
517 1750 765 1805 consentaneum
785 1743 846 1803 tuit
868 1761 931 1805 uon
954 1744 1172 1818 corniciaco
1188 1748 1351 1823 phocarum

201 1842 364 1923 exemplo,
393 1865 456 1924 quo
479 1847 707 1922 acquieverunt
731 1845 865 1906 Guietns
897 1853 928 1906 et
950 1847 1196 1925 Peerlkampius
1226 1856 1258 1910 et
1282 1867 1350 1926 quos

200 1965 296 2025 supra
317 1949 497 2020 nominavi,
526 1949 584 2009 sed
606 1948 653 2008 sic
676 1949 933 2020 commonstrari,
956 1956 990 2011 ut
1013 1956 1174 2011 montes
1200 1968 1350 2013 narrarem

195 2050 250 2113 'tur
272 2070 329 2130 pro
353 2058 507 2113 consueto
530 2053 625 2112 litore
647 2051 723 2112 iacti
748 2050 850 2111 fuisse
874 2053 1046 2126 phocarum
1070 2059 1102 2112 et
1118 2053 1230 2115 Protei
1254 2051 1352 2125 statio,-

200 2171 306 2216 mare
328 2155 410 2216 adeo
433 2159 574 2224 auctum,
602 2161 637 2214 ut
667 2160 698 2212 et
727 2153 866 2229 pisces
896 2154 927 2214 in
951 2157 1115 2226 arborum,
1146 2170 1233 2232 quac
1255 2158 1362 2223 avim.

201 2257 296 2317 sedes
320 2257 461 2327 inerant,
483 2257 647 2317 troadibus
669 2255 722 2314 vel
744 2255 869 2316 cursum
882 2255 946 2327 jam
961 2258 1198 2319 remorantibus
1215 2261 1267 2320 vei
1284 2261 1351 2321 tate

149 2407 153 2410 .
200 2359 273 2420 bras
290 2361 515 2436 praebentibus
536 2337 734 2420 haesitarent
757 2363 789 2416 et
811 2357 1037 2420 silhestres
1060 2361 1074 2419 1
1080 2374 1177 2422 erae
1201 2369 1353 2424 natarent:

153 2533 158 2547 .
201 2472 465 2535 consentaneum,
488 2464 632 2538 inquam,
654 2462 715 2522 fuit
737 2467 790 2521 aut
814 2477 868 2533 ea,
893 2479 974 2538 quoe
994 2463 1198 2538 dicerentur,
1223 2484 1283 2543 per
1296 2481 1355 2527 cer·

200 2574 251 2628 tos
280 2566 434 2644 quosdam
461 2566 577 2643 gradus
611 2565 679 2623 iere
708 2565 770 2624 hoc
797 2564 909 2625 modo:
947 2565 985 2627 Et
1014 2567 1199 2644 superjecto
1231 2569 1356 2631 timidae

202 2675 348 2729 natarunt
369 2668 542 2729 Pectore
571 2666 711 2726 damae“
742 2663 794 2748 (Et
818 2682 939 2745 super
962 2671 1050 2746 picto
1080 2671 1216 2732 timidae
1251 2678 1368 2734 nota:

202 2776 292 2830 runt
315 2771 494 2847 Tergore
516 2766 671 2853 damae“)
693 2768 809 2830 deduci
829 2771 869 2831 ad
891 2787 957 2831 rem
980 2773 1120 2834 omnium
1142 2776 1287 2836 maxime
1308 2775 1357 2836 mi·

203 2871 352 2942 rabilem,
377 2886 469 2948 quam
491 2889 510 2932 a
531 2871 643 2932 Nonno
666 2870 717 2931 his
740 2870 899 2945 proditam
922 2873 1103 2935 invenimus
1124 2875 1175 2936 Vl.
1198 2878 1272 2940 265.
1287 2879 1359 2939 268:

78 2971 83 2981 '
200 2976 388 3062 χαραδραίῳ
420 2965 453 3037 δ’
475 2971 522 3038 tvt
543 2971 655 3059 κόλπῳ
682 2971 824 3060 Εἶναλίῳ
852 2975 1013 3057 δελφῖνι
1042 2973 1265 3059 συνῆνςετο
1295 2976 1341 3043 κά

201 3101 300 3163 προς
341 3072 691 3157 ἅλῆτης-εἱλικόεις
733 3076 769 3138 δὲ
803 3072 1021 3150 Πουλὺπος
1062 3073 1360 3165 οθρεᾶίφοιτος

202 3179 471 3265 &consternor
500 3182 632 3265 λαγωῷ,
666 3188 719 3240 aut
756 3165 935 3256 contempta
971 3181 1026 3242 illa
1056 3198 1124 3242 rem
1153 3185 1241 3246 ultra
1269 3187 1372 3255 tidem,

202 3283 340 3362 augendi
362 3284 529 3354 molestia,
553 3300 572 3344 a
593 3298 654 3359 qua
676 3299 739 3342 non
762 3283 992 3344 abhorruerunt
1014 3284 1145 3346 Nonnus
1168 3293 1269 3362 atquc
1292 3287 1355 3348 Ovi·

202 3386 274 3446 dius
297 3385 369 3447 Met.
385 3388 407 3447 l.
425 3385 497 3457 304,
525 3392 632 3448 notam
662 3387 747 3446 illam
778 3385 1046 3462 comparationem
1076 3389 1218 3464 piscium
1242 3398 1275 3451 et
1298 3406 1354 3452 cer-

203 3506 312 3549 vorum
342 3490 441 3568 (Virg.
469 3490 534 3551 Ecl.
558 3490 580 3549 1.
605 3491 654 3549 66.
691 3487 793 3547 Rufin.
823 3489 843 3547 l.
866 3488 895 3547 d.
926 3489 1011 3550 Triii.
1036 3489 1125 3550 Ohss.
1151 3491 1228 3552 erit,
1252 3492 1300 3553 ΙΙΙ.
1321 3492 1354 3550 tt

201 3613 232 3671 p.
250 3594 310 3654 216
326 3610 388 3669 sq.;
414 3593 594 3671 imperitius
618 3591 702 3653 enim
726 3591 853 3667 quidam
876 3594 939 3653 huc
961 3600 1110 3670 repetunt
1132 3596 1290 3672 Libycum
1308 3611 1353 3674 ge

201 3713 277 3766 nus,
310 3695 394 3770 quod
424 3711 539 3774 oryges
569 3700 682 3756 vocant
704 3694 849 3755 Bochart.
869 3692 890 3752 1.
923 3694 1049 3759 Hieron.
1073 3698 1124 3757 lll.
1141 3692 1192 3758 ’26
1212 3716 1262 3775 -p.
1286 3696 1351 3775 946)
1392 3770 1395 3775 ,

200 3798 253 3859 his
275 3797 403 3858 reddiz·
856 3789 859 3793 ’

450 3898 496 3959 Et
519 3896 726 3979 superpicta
750 3899 927 3975 pavidae
948 3906 1137 3961 natarunt

561 3999 684 4080 rengno
706 4001 852 4063 darnae.

200 4109 240 4168 Ut
269 4106 469 4183 intelligatur
498 4100 529 4162 id
561 4117 678 4179 genus,
711 4104 795 4179 qnod
824 4119 924 4180 nuper
958 4105 1077 4168 nobilis
1113 4107 1163 4167 rei
1193 4105 1344 4167 venaticae
1383 4100 1395 4175 ζ

202 4217 311 4271 auctor
334 4226 353 4269 a
373 4208 491 4277 Danis‚
515 4207 542 4266 si
568 4205 690 4282 piacet,
713 4206 871 4280 appellari
895 4205 1013 4278 votuit,
1038 4209 1123 4284 quod
1147 4225 1250 4288 genus
1265 4208 1342 4267 Gess
1389 4271 1395 4289 -.

203 4328 297 4372 nerus
319 4328 349 4386 p.
366 4313 426 4371 308
450 4307 513 4393 (ap.
531 4310 675 4371 Bochart.
699 4309 718 4367 1.
734 4308 764 4368 d.
788 4327 817 4385 p.
834 4310 905 4380 963,
921 4310 962 4370 26
985 4312 1021 4372 cf.
1040 4313 1093 4374 to
1117 4329 1148 4387 p.
1165 4314 1217 4383 63,
1234 4308 1266 4393 1)
1289 4306 1340 4368 his:

423 4491 433 4522 Ι
