2806 4866
682 306 745 380 let

135 492 168 547 61
190 487 331 554 Cretum,
352 499 435 560 quae
456 501 539 545 nunc
563 482 752 552 Idomeneo,
776 498 857 541 nuuc
879 477 1024 540 Meriona
1046 477 1118 562 cive
1142 476 1292 541 censetur

142 584 267 667 (1116661.
293 588 375 649 Cret.
398 586 445 647 lll.
468 588 484 646 1
518 605 548 663 p.
568 585 626 646 tttt
648 602 694 660 sq.
724 579 1116 664 0616.1161.111ΙΙ,.358),
1146 599 1183 642 ac
1205 581 1291 643 Sala-

138 691 247 752 minem
271 691 393 751 Teucro
419 690 583 765 iuclytam3
607 693 640 748 et
664 686 879 756 continentem
900 691 1033 755 terram,
1057 685 1088 746 in
1111 676 1293 760 qua'media

108 810 112 816 ·
141 793 194 855 sita
216 782 348 853 ¹luerunt
378 806 477 880 regna
504 791 563 851 illa
583 789 728 850 Stheneli
759 795 791 849 et
812 787 988 850 Diomedis.
1034 787 1163 848 Omnem
1186 793 1291 849 autem

121 893 288 956 ‘Graeciae
317 893 550 972 longitudinem
581 899 716 970 apparet
743 890 929 969 planissime
958 889 1085 950 deliniri
1109 889 1290 951 nominibus

142 996 259 1059 ltbacae
288 1003 321 1057 et
345 998 476 1067 Cretae,
506 995 575 1071 Pyli
598 999 630 1054 et
652 994 839 1065 Salaminis,
868 994 1022 1072 Argornm
1052 991 1289 1067 Troezenisque

143 1106 167 1159 et
189 1101 334 1185 (lpuntis.
387 1099 487 1169 Quid,
517 1097 602 1174 quod
631 1113 670 1158 ne
701 1097 780 1157 illud
809 1095 936 1172 quidem
966 1093 1123 1171 suspicari
1151 1094 1290 1154 alienum

141 1208 198 1263 est:
222 1218 312 1283 eum,
336 1217 430 1277 quem
454 1202 628 1270 cernimus,
653 1217 671 1260 a
695 1201 833 1260 Romano
856 1205 955 1274 poeta
976 1199 1117 1260 habitum
1141 1212 1215 1257 esse
1235 1195 1288 1257 de·
1327 1214 1331 1221 ·

139 1303 264 1375 lectum,
287 1303 374 1380 quod
397 1319 501 1369 rerum
522 1303 730 1364 Romanarum
755 1301 927 1361 memoriae
958 1284 1172 1372 adjunctiones
1195 1298 1288 1360 duce-

136 1413 238 1468 rentur
261 1406 395 1484 primum
419 1406 460 1478 ii,
484 1405 596 1488 quiin
620 1404 762 1466 Siciliam
783 1400 899 1487 (Wess.
913 1403 1005 1465 Diod.
1021 1402 1070 1462 tv,
1094 1402 1292 1479 631611)

133 1516 164 1570 61
191 1509 315 1571 ltaliam
345 1509 547 1571 concessisse
587 1508 808 1586 perhibentur,
844 1505 1003 1567 Meriones
1040 1501 1144 1588 (cujus
1174 1503 1289 1565 honori

129 1608 266 1674 fortasse
290 1611 351 1672 erit
375 1611 431 1686 qni
454 1611 563 1672 dedita
586 1626 724 1688 operae
746 1609 955 1685 Bacchylide,
985 1605 1085 1668 Siculi
1114 1607 1201 1683 regis
1230 1607 1289 1667 ho-

126 1713 232 1790 spite,
262 1714 441 1774 consultum
462 1713 564 1773 luisse
587 1711 772 1796 arbitretur)
796 1718 843 1782 et,
876 1712 930 1786 qui
960 1710 1137 1773 Philocteta
1168 1715 1199 1768 et
1220 1708 1288 1768 ldo-

125 1831 261 1886 meueo,
286 1814 368 1891 ipsis
392 1815 570 1876 Italicarum
592 1816 716 1876 urbium
740 1814 974 1884 conditoribus,
998 1813 1153 1875 illustrior
1173 1811 1287 1873 merito

124 1933 199 1980 cum
229 1917 322 1988 aliis,
352 1925 387 1979 ut
414 1919 541 1979 Avieno
563 1919 601 1980 D'.
618 1919 651 1977 Ο.
668 1919 747 1989 656,
778 1923 842 1977 tum
863 1915 1026 1977 Venusino
1057 1921 1175 1995 poetae
1199 1910 1290 1975 visus

125 2028 196 2093 est,
218 2020 412 2094 Diomedes,
436 2021 554 2081 deinde
578 2021 619 2093 ii,
644 2039 776 2098 quorum
798 2019 881 2081 laura
901 2019 1014 2079 insulis
1028 2020 1132 2095 Cypro
1149 2023 1180 2078 61
1195 2018 1289 2079 Crete
1376 2074 1379 2079 .

124 2140 148 2185 a
170 2125 291 2185 Catone
316 2129 347 2183 et
361 2123 496 2185 Metello
512 2125 652 2200 receptis
676 2125 891 2202 redintegrata
904 2121 1143 2192 increbrnisset,
1166 2121 1288 2182 Teucer

124 2235 177 2299 et,
215 2242 310 2302 quem
345 2228 439 2289 ruodo
474 2227 628 2298 diximus,
666 2227 843 2301 Meriones3
881 2233 1043 2304 postremo
1072 2225 1128 2302 qui
1155 2226 1288 2287 Aeneae
1375 2264 1384 2277 .

126 2329 222 2406 equis
247 2345 404 2406 curruque
428 2326 481 2412 (cf.
504 2329 576 2390 lior.
602 2349 629 2390 v.
646 2333 686 2393 15
706 2331 770 2410 sq.)
792 2331 915 2407 potitus
936 2345 1010 2393 esse
1033 2335 1197 2407 poetarum
1222 2344 1286 2388 car·

123 2433 265 2515 minibus
287 2432 438 2503 lerretur,
460 2430 655 2495 Sthenelus?
720 2441 722 2444 ’

214 2550 437 2623 Adjicieudum
467 2552 536 2624 bis,
567 2554 653 2629 quod
683 2553 738 2630 qui
768 2553 835 2624 „ad
858 2568 982 2614 carmen
1014 2552 1076 2613 hoc
1098 2551 1285 2629 respexisse

129 2654 429 2726 Quintilianum-ill.
446 2657 475 2726 1,
495 2657 560 2718 ltl“
589 2659 652 2728 ait,
675 2656 944 2719 Mitscherliehius
972 2674 1001 2733 p.
1020 2655 1078 2716 ili?
1103 2653 1285 2731 praeteriit:

132 2773 169 2820 ex
192 2774 232 2820 66
254 2763 345 2833 parte
369 2754 413 2840 (v.
436 2759 507 2839 26),
542 2774 624 2835 quae
648 2760 795 2820 Stheneli
824 2759 1052 2836 Merionaepue
1076 2764 1107 2817 61
1120 2757 1287 2820 Diomedis

132 2861 324 2923 mentionem
346 2862 459 2933 habet,
483 2862 643 2937 repetisse
666 2862 747 2938 baec
770 2864 947 2924 Ausonium
968 2862 1115 2939 Epitaph.
1140 2859 1211 2921 ller.
1229 2859 1285 2920 Vl:

132 2964 319 3040 genitore
340 2966 425 3025 bono
449 2965 594 3025 melior
615 2964 829 3035 Diomedes“,
853 2963 987 3026 Statium
1006 2969 1128 3033 autem,
1153 2963 1186 3022 id
1200 2962 1285 3038 quod

131 3084 191 3127 nou
214 3067 296 3145 fugit
318 3066 478 3128 Bartbium
502 3069 649 3144 61611,
672 3069 753 3128 haec
770 3067 1020 3131 66661166
1044 3082 1286 3142 quamquam-

132 3170 268 3230 lamam
304 3170 393 3231 avidi
422 3171 576 3254 virtute
606 3178 812 3248 paternam
841 3165 1018 3248 Tydides
1049 3168 1286 3245 Sthenelusque

133 3279 344 3348 premant.“
391 3270 495 3343 Quid?
522 3275 616 3346 illud,
641 3275 726 3350 quod
750 3294 777 3335 v.
802 3275 841 3335 21
866 3291 912 3350 sq.
936 3275 1125 3336 auctoritate
1148 3273 1286 3334 maxime

132 3373 266 3460 Bentleii
288 3368 524 3451 Meinelriique‘
539 3383 571 3437 et
592 3377 724 3455 Hauptii
744 3377 808 3450 jam
831 3376 926 3439 alteri
954 3377 1019 3446 illi,
1049 3375 1134 3454 quod
1156 3375 1286 3437 codices

134 3480 298 3554 praebent:
321 3495 427 3548 num,
451 3479 644 3555 praevaluit:
1227 3498 1230 3502 ·

301 3615 358 3678 1111
380 3615 644 3688 Laertiaden,
668 3618 837 3679 exitium
861 3622 953 3678 tuae

301 3716 439 3788 Genti,
461 3737 519 3781 m
541 3719 695 3797 Pylium
717 3717 1118 3799 Nestorarespicis?

132 3868 234 3916 nonne
259 3854 331 3931 ipsa
352 3855 471 3916 Lucani
501 3857 740 3941 comparatione
763 3856 841 3918 Vlll.
866 3826 942 3919 tlt:
978 3859 1072 3934 quin
1106 3857 1284 3935 respicis

132 3958 238 4018 orbem
262 3953 493 4018 6666666661(Γ
510 3957 599 4037 argui
622 3959 749 4021 videtur
773 3976 811 4022 eo
827 3960 900 4022 vitii
923 3976 1041 4039 genere
1064 3959 1220 4029 allectum,
1244 3959 1285 4020 de

133 4076 193 4135 quo
216 4058 228 4118 l
251 4057 317 4120 dici
338 4066 487 4137 coeptum
511 4059 584 4122 est?
630 4061 687 4124 His
710 4070 831 4125 autem:

302 4177 375 4252 6111
397 4183 664 4254 Laertiaden,
689 4183 860 4246 exitium
883 4189 981 4244 tuae

304 4282 441 4352 Genti,
465 4281 534 4363 quin
555 4285 709 4360 Pylium
733 4285 904 4347 Nestora
926 4281 1134 4361 respicis?
