2806 4866
666 341 732 412 188

291 506 486 588 Regulum
510 520 548 572 et
569 516 693 578 Scauros
716 515 961 590 animaeque
984 533 1123 593 magna

289 614 501 692 Prodigum
523 615 701 677 Paullum
724 623 948 694 superante
971 620 1104 681 Poeno

291 715 435 778 Gratus
460 717 621 796 insigni
645 704 820 780 relerani
844 721 1013 782 Camena
1101 718 1107 728 ’

544 821 858 898 Fabriciumque
919 855 927 871 ·

131 956 175 1017 rix
196 954 261 1015 dici
285 962 393 1033 potest
417 974 509 1032 quam
531 958 648 1020 leviter
671 958 756 1019 docti
779 944 926 1020 homines
942 963 1062 1023 versati
1082 961 1154 1021 sint.
1188 962 1276 1022 Nam-

133 1073 182 1133 que
205 1058 260 1133 qui
284 1058 397 1129 „clara
419 1059 546 1120 tortium
569 1060 709 1121 virorum
732 1060 861 1124 nomina
884 1064 1070 1125 obscuriore
1091 1063 1278 1133 Scaurorum

115 1160 246 1221 'nomine
271 1161 485 1224 contaminata
508 1165 607 1224 esse“
632 1179 733 1241 nuper
755 1166 906 1227 audacter
920 1166 1138 1244 pronuntiavit
1151 1166 1277 1242 lleyne-

134 1277 249 1322 mannus
279 1281 310 1339 p.
331 1264 368 1325 tc
400 1270 432 1323 et
462 1263 530 1345 (vel
555 1265 645 1326 latini
677 1267 834 1328 sermonis
867 1270 939 1347 lege
970 1269 1105 1344 turpiter
1128 1268 1276 1329 contami-

135 1363 206 1442 nata)
230 1382 261 1441 p.
279 1365 319 1425 36
344 1368 498 1436 vers.35,
530 1385 592 1428 non
623 1366 883 1446 circumspectior
911 1371 1047 1431 Lchrsio
1079 1371 1124 1431 ita
1153 1370 1184 1430 in
1216 1385 1278 1430 ma·

135 1467 207 1544 ligna
227 1467 443 1545 Peerlkampii
473 1470 691 1546 disputatione
715 1471 923 1547 doctrinaque
952 1472 1132 1547 acquievit,
1162 1479 1197 1532 ut
1219 1487 1279 1532 nec

136 1568 181 1629 loc
211 1576 428 1647 cognosceret
452 1578 483 1631 et
515 1573 696 1648 perciperet
730 1573 762 1633 in
792 1573 907 1650 Reguli
938 1580 970 1632 et
993 1571 1094 1633 Paulli
1118 1589 1277 1649 compara-

136 1669 238 1732 tionem
271 1689 342 1733 eum
371 1680 517 1735 evectum
547 1690 637 1744 esse,
672 1676 727 1750 qui
758 1681 790 1735 et
819 1677 981 1746 „lumen
1011 1693 1048 1736 ac
1069 1675 1199 1735 decus
1223 1691 1277 1750 pa-

81 1780 82 1810 ³
136 1772 229 1834 triae“
260 1775 388 1836 babitus
412 1775 455 1836 sit
490 1772 572 1858 (Val.
596 1777 677 1839 Max.
694 1776 732 1834 V.
748 1779 812 1846 al
845 1778 1058 1848 cf.lv.t,1t.
1092 1776 1276 1847 vttl.1‚1t.

137 1874 185 1936 (lic
205 1876 308 1952 Epist.
329 1877 350 1938 Ι.
373 1881 402 1949 il,
425 1879 480 1939 38:
509 1880 558 1940 vir
588 1877 805 1964 singularis“)
836 1886 868 1939 et
898 1897 1071 1956 „corpus
1094 1879 1205 1940 ultima
1228 1893 1277 1938 se·

135 1985 247 2040 nectute
275 1982 453 2043 confectum
482 1983 600 2043 armis
630 1983 831 2053 induerit,
860 1999 908 2043 ne
938 1982 1179 2059 respublica
1211 1997 1277 2042 ex-

137 2080 329 2159 spiraret“
352 2080 435 2166 (Val.
458 2083 723 2169 Max.lll.2,18)
777 2093 789 2161 t
819 2086 985 2156 „lilium
1007 2068 1159 2145 deformis
1183 2084 1277 2162 fugae

136 2192 205 2244 dum
235 2185 375 2263 gladio
413 2187 614 2248 adversus
651 2195 781 2248 semet
815 2187 946 2264 ipsum
975 2187 1035 2247 uti
1065 2185 1276 2263 coegerit“
1334 2228 1338 2233 -

136 2281 257 2367 (tac
294 2288 370 2351 ouo.
393 2288 703 2359 assummum
735 2307 764 2365 p.
781 2289 872 2364 rra),
909 2306 969 2350 nec
1003 2271 1159 2366 praeclari
1189 2287 1277 2348 trtius

134 2390 275 2452 rationem
303 2390 438 2452 haberet
471 2390 601 2463 judicii,
638 2410 700 2468 qrto
734 2391 869 2454 Scauros
900 2392 1024 2453 ornavit
1054 2397 1085 2450 et
1114 2389 1277 2450 iuvenalis

134 2490 171 2553 li.
193 2494 255 2555 at:
280 2494 441 2567 Curius,
466 2512 565 2572 parvo
589 2510 671 2570 qrrae
693 2496 817 2573 legerat
840 2496 949 2565 horto,
974 2496 1047 2571 lpse
1070 2494 1151 2554 locis
1173 2493 1277 2554 brevi-

134 2592 179 2658 bus
213 2591 355 2674 ponebat
386 2599 536 2660 oluscula.
568 2633 608 2645 -—
638 2598 738 2670 Quum
767 2605 938 2659 tremerent
968 2633 1008 2644 —
1044 2598 1191 2659 Fabios
1222 2596 1276 2656 du-

135 2714 252 2776 rumque
283 2701 470 2761 Catonem
498 2700 541 2762 Et
571 2700 749 2763 Scauros
789 2706 820 2760 et
848 2700 1079 2770 Fabricios,
1115 2707 1277 2775 postremo

135 2814 255 2864 moeros
285 2803 437 2864 Censoris
467 2819 571 2864 mores
602 2803 699 2864 etiam
729 2804 863 2880 conlega
890 2803 1046 2862 timeret“
1077 2809 1110 2862 et
1131 2801 1278 2861 Valerius

134 2898 274 2967 fleximus
298 2904 348 2964 tv.
365 2906 394 2977 l,
421 2907 476 2966 11:
513 2904 638 2966 modica
665 2905 790 2965 fortuna
812 2939 855 2948 —
878 2911 912 2962 ut
941 2922 1004 2963 non
1034 2902 1277 2971 abundantibus,

130 3002 170 3067 itt
186 3007 262 3069 fidis
275 3008 428 3070 uberibus
443 3009 639 3078 Publicolas,
662 3007 837 3075 Aemilios,
861 3005 1091 3073 Fabricios,
1116 3003 1276 3071 Curios,

135 3092 306 3187 Scipiones,
344 3111 518 3172 Scauros
555 3113 660 3186 iisque
694 3111 783 3186 paria
811 3110 927 3170 robora
956 3108 1062 3168 aluit“
1098 3107 1136 3166 ot.
1162 3107 1276 3165 Ascon.

136 3212 246 3291 trgum.
270 3214 334 3293 Cic.
357 3214 406 3274 Or.
439 3232 495 3291 pro
526 3214 631 3274 Scaur.
657 3217 728 3290 p.·5
754 3230 801 3288 sq.
824 3211 931 3272 Heinr.
979 3209 1066 3280 Quae
1094 3207 1279 3268 testimonia

138 3288 344 3377 iumlloratii
373 3317 520 3377 oratione
550 3317 681 3393 egregie
712 3313 940 3407 convenientia·
967 3314 1021 3372 vix
1051 3310 1206 3371 credibile
1229 3315 1278 3368 est

138 3430 191 3478 mm
212 3432 323 3480 omues
345 3425 412 3479 tum
434 3417 643 3479 Niebulrrium
667 3416 820 3478 babuisse
843 3416 1049 3490 incomperta.

595 3686 801 3782 tttxtttx.

204 3899 237 3960 ln
272 3899 412 3959 carmine
441 3899 462 3960 l.
487 3899 523 3958 15
561 3896 680 3956 omissa
715 3893 844 3954 nomina
878 3894 1092 3959 Philoctetae,
1128 3886 1275 3954 Menelai,

129 3997 227 4073 Aiacis
255 4001 450 4071 Telamonii,
482 4016 564 4077 quae
593 4004 716 4059 constat
740 3996 844 4058 Paridi
874 3997 1010 4057 maxime
1032 3991 1141 4052 fatalia
1164 3989 1275 4057 luisse,

125 4118 161 4165 oa
179 4110 307 4174 autem,
330 4119 412 4179 quae
436 4119 546 4163 versus
568 4103 606 4162 21
623 4118 691 4177 sqq.
715 4101 848 4168 habent,
873 4099 943 4158 sine
965 4095 1030 4154 ullo
1055 4092 1182 4153 delectu
1205 4108 1275 4164 pro-

121 4207 229 4285 posita
249 4213 316 4267 tam
337 4207 478 4284 graviter
507 4206 645 4265 tulerunt
669 4205 701 4262 Ο.
725 4202 856 4262 tannius
879 4199 981 4258 Herm.
998 4195 1080 4256 litt
1106 4214 1134 4270 p.
1153 4192 1210 4252 184
1243 4198 1276 4251 et

81 4338 84 4359 ι
119 4309 275 4371 tobrsins
298 4328 328 4385 p.
344 4308 436 4369 xttx
452 4325 516 4383 sq„
546 4314 580 4366 ut
608 4305 739 4366 Horatio
771 4303 932 4378 indiguum
963 4299 994 4358 id
1018 4312 1142 4358 carmen
1166 4309 1274 4352 cense-
