2806 4866
766 328 809 400 34

208 503 365 578 Hauptius
396 504 524 562 verbum
555 501 766 578 reparavit
803 505 834 562 in
872 503 942 562 loeo
975 504 1187 564 retinuerunt.
1237 506 1358 566 luelina-

207 613 297 666 verat
325 611 427 665 autem
458 622 496 665 eo
528 606 667 674 animus,
707 611 739 663 ut
769 607 900 666 contusa
937 607 968 665 in
999 607 1060 666 boe
1089 608 1161 668 loeo
1196 609 1360 669 arbitrarer

208 709 432 768 commentaria
453 707 586 787 (Subsie.
612 705 691 789 pb)
722 715 752 767 et
784 725 891 768 eoram
914 710 1210 785 grammaticorum,
1244 713 1303 786 qui
1324 713 1360 770 in·

207 818 354 887 corrupto
384 810 505 882 judieio
535 808 658 870 Horatii
692 827 816 871 versum
845 811 895 870 llis
928 819 1129 871 enarrarunt:
1160 832 1226 874 non
1252 821 1303 874 est
1325 815 1360 872 di·

207 921 302 991 gnata
332 915 477 990 lugere
509 914 540 973 in
573 912 699 973 intimas
723 914 773 973 sui
796 913 887 989 regni
911 921 1018 988 partes
1049 911 1208 995 (elassa
1232 916 1318 977 eita
1337 916 1361 975 it

206 1024 256 1077 est
278 1010 384 1097 ἄρασα
407 1012 461 1076 τὸν
484 1012 601 1078 στόλον
622 1009 957 1097 ὑπερνεωλκῆσαι
979 1021 1032 1080 καὶ
1056 1020 1202 1082 καθεῖσα
1226 1015 1288 1092 τὰς
1301 1020 1362 1091 ναῦς

205 1120 251 1194 εἷς
280 1117 336 1182 τὸν
360 1110 535 1202 Ἀραβικόν
567 1115 690 1181 κόλπον
716 1116 795 1201 μετὰ
831 1113 1000 1202 χρημάτων
1032 1122 1162 1183 πολλῶν
1196 1115 1254 1184 καὶ
1279 1117 1362 1184 δυνά·

205 1243 289 1304 μεως
318 1219 378 1294 ἔξω
409 1229 568 1283 κατοικεῖν
602 1214 815 1303 ἀποφυγοῦσα
850 1222 997 1285 δουλείαν
1028 1226 1083 1284 καὶ
1112 1217 1269 1306 πόλεμων
1297 1226 1361 1285 Plut

208 1329 320 1387 Anton.
335 1327 373 1385 69
392 1324 429 1383 el.
442 1324 527 1400 Virg.
540 1325 619 1384 Aen.
631 1322 709 1384 Vllt
724 1319 783 1385 111
797 1346 802 1384 ;
826 1325 930 1385 Nilum
942 1360 981 1368 —
996 1334 1164 1386 vocantem
1177 1328 1360 1388 Caeruleum

207 1428 238 1488 in
268 1427 422 1504 gremium
445 1426 725 1501 latebrosaque
751 1429 879 1487 llumina
906 1427 1007 1487 victos
1017 1428 1068 1506 “)‚
1093 1434 1125 1488 et
1149 1445 1287 1500 eorum,
1318 1431 1360 1505 qui

207 1531 291 1606 quod
314 1531 400 1590 nulla
423 1530 511 1589 voeis
534 1530 715 1589 latentes
738 1530 862 1590 ratione
886 1531 996 1594 babila
1018 1533 1216 1606 turbatoque
1244 1539 1360 1594 senten·

206 1633 338 1701 tiarurn,
369 1647 461 1706 quem
494 1631 674 1691 instituerat
707 1639 821 1707 poeta,
855 1633 967 1693 ordine
999 1629 1278 1714 (generosius
1301 1650 1359 1711 pe·

207 1737 291 1795 rire
316 1750 516 1809 quaerens
541 1750 612 1793 neo
636 1750 771 1820 ensem
795 1736 968 1810 expavit
991 1751 1063 1795 nee
1082 1737 1360 1798 latebraseita

207 1841 344 1899 classe
368 1833 518 1919 petiit)
543 1837 718 1914 legentium
736 1839 868 1897 levitate
889 1837 950 1910 jam
974 1845 1040 1899 tum
1063 1840 1208 1916 supponi
1221 1848 1361 1918 eoeptun

206 1949 288 2002 erat:
318 1941 550 2016 reparavit,
573 1959 634 2000 non
659 1941 858 2001 incommode
883 1942 944 2002 sibi
968 1958 1121 2002 revocare
1146 1942 1213 2004 visi
1237 1950 1309 2004 sunl
1329 1943 1361 2004 ad

206 2047 292 2106 illam
309 2042 491 2103 memoriam
514 2043 630 2104 Dionis
655 2044 759 2103 Cassii
782 2045 829 2105 Ll.
855 2047 872 2105 5
895 2063 924 2120 p.
941 2046 1014 2114 636,
1030 2047 1079 2106 89.
1103 2045 1178 2105 Vol.
1195 2047 1247 2107 lll.
1270 2067 1297 2123 p.
1314 2049 1359 2108 ll:

206 2146 274 2210 ἐπεὶ
297 2142 332 2207 rt
354 2140 387 2204 ἐν
409 2138 551 2226 ἀσφαλεῖ
570 2142 692 2224 ἐγένετο
706 2143 884 2226 -δυνοῖμεις
905 2170 938 2209 τε
961 2141 1124 2229 ἐξηρτύετο
1158 2153 1216 2212 καὶ
1235 2171 1355 2228 ceppa-

205 2255 278 2332 χίας
300 2245 516 2328 περιεσκόπει.

292 2353 395 2412 Verba
426 2352 552 2428 quidem
583 2360 614 2410 et
647 2351 819 2428 perspicua
842 2360 873 2412 et
896 2355 1021 2431 integra
1045 2370 1118 2413 esse
1145 2354 1274 2431 probant
1293 2351 1351 2423 pri-

205 2477 288 2519 mum
312 2456 443 2517 Persius
468 2455 503 2512 V>
530 2455 606 2516 tlt:
631 2456 744 2514 trabe
767 2464 857 2517 vasta
872 2459 1035 2534 Aegaeum
1057 2457 1214 2533 rapias.
1249 2455 1356 2516 Statius

204 2562 300 2620 Theb.
330 2556 392 2616 1111.
425 2559 501 2616 2211;
544 2574 687 2633 magno
723 2558 886 2634 Megareia
924 2574 1079 2634 praeceps
1114 2559 1222 2619 Arva
1260 2555 1356 2632 rapit

205 2671 332 2739 passu.“
379 2659 477 2719 Silius
500 2660 548 2718 111.
575 2661 652 2719 308:
677 2676 885 2735 campumque
908 2662 1074 2721 volatu-
1091 2670 1268 2736 rapuere.“
1298 2659 1355 2718 Vir·

204 2766 302 2843 gilius
326 2765 403 2824 Aen.
427 2763 475 2822 111,
500 2764 576 2822 art:
614 2763 777 2823 Ausoniae
800 2765 912 2823 tellus:
939 2766 1025 2824 banc
1054 2762 1198 2838 arripe
1221 2763 1357 2825 velis.“

204 2869 307 2928 Barth.
333 2866 407 2925 Stat.
433 2867 451 2924 1.
468 2865 496 2924 d.
521 2884 550 2941 p.
574 2867 660 2926 1162.
707 2866 813 2927 Heius.
838 2867 1065 2943 isengrius
1090 2885 1120 2943 p.
1140 2867 1206 2928 156
1232 2867 1358 2928 0161011-

204 2971 286 3032 dian.
301 2971 334 3029 R.
348 2970 432 3030 Pros.
447 2969 495 3028 111.
512 2970 571 3028 188
595 2988 624 3046 p.
641 2971 721 3039 619,
745 2968 862 3028 deinde
888 2976 1015 3045 praeter
1038 2984 1106 3040 eos,
1130 2988 1216 3045 quos
1233 2983 1355 3032 comme-

203 3079 325 3133 morant
348 3072 500 3132 Heinsius
524 3071 683 3131 Claudian.
709 3073 726 3130 l.
744 3071 771 3129 d.
798 3073 857 3131 386
881 3090 910 3148 p.
927 3073 989 3132 634
1014 3072 1250 3134 0111111198
1276 3072 1354 3150 pil.

203 3177 398 3235 Burmannus
429 3174 495 3232 Val.
525 3175 624 3234 Blaee.
647 3174 697 3234 Vl.
735 3176 796 3234 611
837 3194 865 3252 p.
888 3178 949 3236 365
987 3178 1131 3251 alterque
1170 3177 1354 3239 Burmannus

204 3280 293 3354 Prop.
326 3278 345 3336 l.
380 3278 406 3346 l,
439 3277 476 3335 12
507 3296 536 3353 p.
558 3278 604 3338 12.
669 3278 948 3346 Drakenborehius
977 3279 1031 3339 Sil.
1062 3278 1111 3339 IV.
1136 3281 1201 3342 795
1242 3300 1275 3358 p.
1297 3277 1352 3345 218,

202 3382 351 3442 Lentzius
381 3380 421 3438 de
444 3368 558 3441 Verbis
581 3384 646 3441 Lat.
672 3384 703 3441 L.
727 3381 938 3442 auxiliaribus
970 3402 998 3458 p.
1020 3385 1052 3443 ll
1086 3383 1196 3459 Propr.
1223 3385 1351 3462 Region

205 3486 303 3554 1863,
340 3482 410 3558 ipse
432 3483 582 3544 Horatius
605 3485 703 3560 Epod.
728 3484 791 3544 XV.
817 3489 834 3546 9
866 3481 914 3567 (ut
936 3485 1004 3545 XIX
1038 3484 1218 3570 dicemus),
1250 3485 1351 3548 Statius

201 3587 276 3648 Silv.
302 3587 350 3645 lV.
383 3586 413 3654 6,
442 3587 497 3647 at:
542 3587 622 3647 ibis
657 3587 820 3647 frenare
859 3589 1016 3648 cobortes,
1047 3586 1082 3646 V.
1115 3588 1145 3657 3,
1181 3591 1240 3649 lo:
1287 3590 1352 3650 tam

201 3690 399 3751 attollere
430 3705 538 3766 regum
568 3689 680 3750 ibam.
713 3692 808 3750 Theb.
834 3688 883 3749 lll.
915 3691 992 3751 626;
1031 3696 1167 3751 ventura
1197 3728 1243 3738 —
1274 3694 1350 3754 Paa-

201 3793 294 3851 dere
318 3797 461 3850 moestus
486 3801 562 3851 e0.“
609 3794 766 3870 Corippus
790 3795 835 3853 10.
859 3793 909 3851 lV.
935 3794 1014 3854 819:
1057 3792 1181 3854 calidas
1207 3797 1261 3856 sie
1282 3808 1350 3856 eer-

200 3911 294 3954 nere
320 3896 430 3970 Syrtes
453 3893 657 3966 Vaditis“,
688 3896 827 3972 denique
858 3896 1069 3957 Nemesianus
1093 3897 1171 3971 Cyn.
1197 3897 1260 3960 29:
1288 3894 1351 3958 luit

202 3997 232 4055 in
256 4000 407 4058 arboreas
437 3997 596 4056 lrondes“
643 4000 798 4075 Corippus
821 3999 867 4060 Jo.
893 4001 942 4058 lV.
970 4001 1045 4059 tat:
1077 3998 1159 4058 ivit
1192 4002 1354 4063 moriturus

202 4081 233 4159 in
260 4103 406 4160 hostes.“
444 4103 520 4161 est:
560 4103 647 4161 hosti
677 4108 780 4161 tamen
818 4103 933 4162 obvius
968 4103 1056 4161 ivit.
1089 4101 1161 4161 113.
1195 4098 1350 4166 866891

203 4203 281 4261 11168
313 4209 344 4260 et
374 4202 511 4262 Halieut.
537 4204 571 4262 lr.
598 4207 635 4265 95
672 4223 700 4279 p.
722 4206 777 4264 181
803 4205 945 4265 Wernsd.
978 4203 1196 4265 transivit.
1247 4205 1350 4267 Statius

202 4303 275 4362 Sila.
299 4304 334 4362 ll.
363 4306 390 4374 1,
425 4309 497 4367 lat:
543 4323 715 4382 manesque
751 4307 918 4366 subivit.
983 4307 1146 4367 Ausonius
1180 4309 1267 4373 Clar.
1294 4305 1349 4367 un
