2806 4866
1271 40 1281 287 l

649 295 692 363 u
1278 290 1281 389 r

90 474 230 534 evehere
257 471 420 531 videatur:
457 469 770 531 conlerantur'enim
800 469 896 528 veroa
924 474 958 528 et
989 469 1091 529 haec:
1126 469 1233 529 curri·
1279 448 1281 455 ¹

90 577 180 638 culo
201 575 247 655 (ut
271 573 326 635 Sil.
349 573 385 634 V.
410 573 464 650 att
493 573 705 650 pulverem
735 571 909 647 collegisse
941 576 1097 647 metaque
1128 572 1235 632 terri-

90 679 153 739 dis
175 677 301 739 Evitata
323 677 449 738 rotis“:
473 675 840 752 „Nympharumque
863 673 1175 751 chori-lyricis
1196 692 1236 736 ra·

93 782 204 842 tibus“
222 787 255 840 et
272 779 341 841 illa:
365 781 529 839 Terrarum
553 777 699 837 dominos
722 776 833 836 evehit
856 775 895 836 ad
917 775 1036 836 deos:
1060 775 1173 838 leriam
1195 777 1237 836 si·
1279 779 1281 788 '

91 886 187 946 dera
219 881 410 943 vertice.‘⁴
463 879 586 941 Etenim
622 878 721 940 simili
753 878 899 940 oratione
930 894 1013 953 opus
1042 878 1105 940 luit
1135 879 1168 941 in
1195 880 1237 939 de-

90 987 266 1062 scriptione
288 983 490 1045 similium
513 982 744 1053 institutorum,
770 999 900 1058 quorum
926 983 964 1043 ab
987 982 1093 1043 altero
1118 998 1240 1044 exorsus

91 1092 123 1152 in
146 1091 248 1150 altero
278 1087 376 1147 desiit
400 1084 558 1165 Horatiru.
608 1085 677 1146 Nisi
701 1077 868 1145 lorte'hoc
898 1084 1025 1145 ratione
1050 1083 1125 1145 lieri
1148 1092 1239 1163 putas,
1279 1091 1281 1150 ἔ

90 1200 124 1255 ut
155 1192 208 1266 qui
240 1190 405 1267 exempla,
443 1205 524 1264 quae
557 1187 748 1264 interposita
779 1194 851 1248 sunt
881 1205 908 1246 v.
934 1188 1073 1259 7-28,
1114 1195 1189 1251 nota
1213 1195 1241 1247 et
1279 1188 1281 1245 Ξ

91 1297 301 1356 Rornanorum
324 1292 454 1370 propria
477 1306 551 1351 esse
575 1291 801 1368 intelligimus,
837 1290 936 1350 iidem
964 1306 1123 1368 negemus
1147 1291 1241 1352 studia
1279 1352 1281 1365 ,

91 1415 216 1467 eorum,
240 1412 320 1471 quos
343 1395 500 1456 curriculo
525 1394 686 1471 pulverem
703 1393 901 1470 Olympicum
923 1392 1051 1465 juvaret
1064 1395 1239 1472 collegisse,
1279 1370 1281 1411 ¹

90 1505 185 1574 atque
217 1497 302 1570 ejus,
334 1495 388 1573 qui
419 1494 597 1574 „princeps
627 1497 775 1557 Aeolium
806 1512 931 1558 cannen
961 1496 1000 1558 ad
1030 1495 1132 1559 ltalos
1154 1497 1239 1557 dedu·

90 1602 180 1663 xisse
201 1601 341 1662 modos“
372 1599 434 1662 sibi
458 1599 638 1670 videretur,
669 1606 701 1660 et
730 1617 800 1661 rara
830 1616 1067 1677 paucorumque
1098 1603 1238 1678 exemplo

91 1703 219 1783 cognita
246 1705 347 1766 luisse
379 1710 410 1764 et
434 1703 624 1764 Graecorum
641 1704 810 1776 moribus,
844 1721 936 1780 quam
959 1705 1173 1768 Romanorum
1194 1708 1238 1768 arl-

89 1807 255 1880 junctiora.
306 1806 394 1879 eraa
426 1807 473 1867 sic
503 1804 680 1868 deliberata
707 1808 842 1868 mirifice
878 1807 1062 1885 discrepant
1093 1828 1163 1870 cum
1192 1810 1238 1871 illa

89 1912 198 1974 Wolfii
227 1912 315 1974 Anal.
340 1911 374 1971 ll.
405 1926 434 1986 p.
453 1911 514 1971 263
536 1928 583 1986 sq.
610 1910 838 1990 disputatione.
891 1911 991 1983 Quem
1020 1912 1152 1988 quidem
1181 1930 1236 1975 ex-

43 2037 53 2049 ·
89 2032 248 2077 cessam
278 2012 322 2095 (p.
340 2014 411 2074 261.
442 2019 504 2075 not.
526 2015 555 2088 l)
586 2014 642 2074 ubi
675 2014 789 2079 iterum
817 2014 901 2091 legi,
933 2013 1038 2075 vereri
1071 2017 1171 2077 subiit
1198 2013 1235 2098 (tl

90 2116 174 2193 quod
203 2114 384 2193 significavi
418 2115 494 2174 Stat.
518 2113 581 2175 Ecl.
605 2115 660 2174 ult.
687 2115 702 2174 1
741 2115 827 2190 pili
864 2114 1061 2176 dissentiens
1099 2135 1118 2177 a
1152 2119 1234 2182 Bern-
1276 2136 1281 2173 r

89 2218 209 2294 hardyo
233 2217 312 2278 llist.
331 2218 417 2277 llam.
440 2217 513 2278 Litt.
542 2235 572 2294 p.
590 2217 660 2279 258.
692 2215 865 2301 uot.178),
894 2234 935 2279 ne
963 2219 1012 2279 vir
1040 2222 1234 2283 acutissimus
1279 2200 1281 2205 Ι

90 2320 246 2396 quendam
281 2319 470 2381 medendi
507 2320 648 2393 modum,
693 2335 785 2396 qaam
824 2319 898 2397 ipse-
932 2321 1063 2383 minime
1099 2329 1232 2399 probaret

91 2427 360 2500 sequereturque,
384 2422 644 2484 facetissime
667 2418 835 2497 cavillatus
853 2441 924 2484 cum
939 2425 1071 2502 profusa
1085 2428 1234 2490 doctrinae
1279 2450 1281 2457 ¹

90 2527 235 2602 impensa
248 2541 287 2585 eo
300 2542 377 2584 usus
390 2525 432 2584 sit
443 2539 574 2601 genere,
598 2541 661 2599 quo
685 2524 893 2585 contraria
913 2519 1134 2589 ostenduntur.
1167 2529 1233 2602 Quid
1275 2462 1281 2579 1

86 2626 149 2699 iarn
178 2627 278 2687 dicam
309 2624 349 2684 de
371 2625 524 2694 Lehrsio,
556 2625 611 2700 qui
639 2626 737 2686 multa
765 2632 1001 2705 argumentatus
1032 2632 1179 2706 p.xxv1
1199 2648 1234 2706 sq·
1279 2642 1281 2703 ξ

89 2729 171 2790 adeo
194 2745 256 2788 non
279 2727 367 2804 cepit
389 2742 497 2787 veram
519 2725 613 2797 hujus
637 2729 785 2790 carminis
808 2731 967 2805 speciem,
998 2739 1032 2792 ut
1056 2750 1182 2796 versum
1203 2733 1234 2793 32
1279 2709 1281 2749 ²

89 2831 332 2918 commacularet
362 2830 409 2892 sic
432 2829 617 2891 scribendo:
648 2845 698 2891 me
723 2866 760 2875 —
786 2830 972 2894 Secemunt‘
989 2839 1127 2914 populo,
1161 2839 1241 2899 darn

91 2931 156 3017 (vel
180 2934 269 3015 cui)
299 2944 404 3012 neque
433 2932 528 2996 tibias
557 2933 697 3010 Euterpe
726 2931 880 2995 cohibet?
933 2937 1066 3000 Scilicet
1096 2943 1158 3003 hoc
1183 2941 1242 3014 jam

89 3039 291 3116 perspicuum
314 3044 363 3098 est
387 3037 418 3098 in
443 3034 589 3098 omnibns
618 3037 698 3097 locis
730 3034 782 3120 (cl.
806 3037 932 3122 Llllll),
963 3039 994 3100 in
1028 3044 1143 3117 quibus
1172 3058 1247 3105 con‘

86 3140 209 3211 iectura
231 3155 311 3214 opus
336 3155 410 3199 esse
430 3138 609 3208 videretur,
633 3138 853 3199 doctissimum
875 3140 1038 3204 hominem
1060 3144 1108 3207 sic
1121 3164 1244 3224 grassa-

88 3247 153 3301 tum
188 3257 278 3311 esse,
314 3248 348 3301 ut
384 3241 461 3301 artis
498 3240 629 3301 criticae
666 3248 839 3318 praecepta
873 3238 1080 3364 arbitraretur
1115 3249 1244 3324 impune

88 3343 256 3403 contemni.

606 3543 716 3640 xltt

172 3717 232 3788 Qui
254 3715 411 3776 versusl
436 3717 466 3786 3,
492 3704 645 3777 ri.-2a:

255 3835 376 3907 Quem
397 3835 541 3896 mortis
562 3837 703 3898 timuit
726 3801 856 3919 gratiam,

319 3936 390 4008 Qui
413 3936 498 4000 slecis
521 3939 654 4000 oculis
677 3949 857 4003 monstra
879 3949 1080 4018 natantia,

203 4038 326 4112 Qui
349 4037 455 4100 vidit
478 4055 582 4101 mare
604 4043 809 4103 turbidum
833 4051 870 4104 et

320 4141 496 4237 infames
519 4144 716 4219 scopulos
740 4145 948 4211 tenram-la

85 4258 122 4319 al)
144 4256 276 4322 Horatio
307 4261 517 4335 abjudicavit,
547 4262 786 4340 Peerlkampius
817 4267 976 4340 persuasit
999 4269 1162 4330 Meinelrio
1193 4270 1227 4331 et.

36 4528 141 4560 ,Α
