2806 4866
652 323 716 392 tat

127 499 246 568 „damae
269 493 461 574 platyceroti
484 495 572 554 color
594 495 690 556 dorso
714 495 874 556 subitonus
898 502 948 554 est
971 511 1040 554 curn
1064 496 1151 557 linea
1172 497 1264 573 nigra

125 617 168 678 per
186 601 312 660 dorsum
334 631 376 642 —
399 598 500 658 latera
523 594 592 668 ejus
615 598 786 675 aliquando
809 596 941 657 maculis
964 597 1044 657 albis
1066 596 1264 675 distinguun-

123 712 184 764 tnr“
206 703 299 763 testis
324 708 375 762 est
399 707 485 761 recte
507 701 574 762 dici
597 687 898 778 superpictum,
922 706 956 759 ut
979 701 1149 775 pantheras
1173 700 1261 762 aSo-

123 805 176 868 lino
190 808 226 868 lt
244 824 275 882 p.
291 805 341 864 at.
365 803 408 864 Fr
426 803 599 879 pantherae
612 837 653 847 —
665 803 793 865 minutis
810 801 960 863 orbiculis
977 803 1267 887 superpictae,

122 909 209 967 itaut
231 903 367 966 oculatis
392 918 433 964 ex
455 903 543 963 fulvo
567 905 697 965 circulis
720 906 769 965 vel
793 903 985 965 caerulavel
1000 905 1072 963 alba
1088 903 1266 983 distingua-

120 1015 162 1068 tur
180 1007 262 1085 tergi
285 1007 461 1083 supellex“
486 1005 524 1065 cs.
544 1006 635 1067 Ovid.
659 1005 732 1067 Met.
756 1006 804 1065 lll.
830 1007 905 1066 dut:
929 1005 1264 1081 pictarum—fera

122 1127 240 1186 corpora
268 1108 523 1184 pantherarum
571 1109 745 1169 Verborum
775 1113 880 1168 autem
909 1114 942 1168 et
968 1108 1126 1169 delectum
1156 1117 1189 1170 et
1213 1130 1261 1172 or-

120 1212 212 1272 dinem
240 1210 319 1272 satis
349 1212 484 1287 probant
515 1215 557 1270 et.
574 1210 711 1271 Halieut.
742 1229 771 1270 v.
787 1209 843 1269 dl:
881 1209 921 1268 Ut
944 1210 1053 1286 pavidi
1076 1213 1205 1289 lepores
1230 1221 1261 1274 et

119 1315 216 1374 fulvo
246 1312 416 1389 tergore
443 1303 609 1373 damae‘⁴
647 1310 700 1395 (cf.
723 1312 833 1372 Heins.
863 1311 942 1373 Adv.
957 1312 992 1372 11.
1010 1314 1047 1373 tt
1078 1333 1107 1390 p.
1124 1307 1200 1400 371)
1230 1323 1262 1377 et

118 1416 253 1477 Valerius
282 1415 411 1476 Flaccus
435 1414 458 1474 1.
482 1415 538 1476 89:
579 1415 667 1475 dabit
700 1415 860 1476 auratis
894 1420 926 1474 et
963 1417 1159 1479 cornibus
1194 1421 1262 1496 igni

118 1519 219 1579 Colla
239 1526 357 1593 potem·
382 1522 413 1577 et
436 1516 569 1577 Ovidius
592 1517 665 1577 blot.
689 1516 739 1576 lll.
763 1518 842 1577 dut:
874 1516 1072 1594 Virginea
1095 1538 1261 1597 puerum

118 1621 192 1682 ducit
213 1636 271 1698 per
293 1621 389 1680 litora
411 1619 424 1678 f
431 1628 581 1692 orrna“;
612 1619 646 1679 iu
668 1619 784 1701 bestiis
816 1626 921 1680 autem
943 1624 1130 1698 praevalere
1152 1625 1263 1702 tergi

116 1724 296 1785 mentionem
329 1723 520 1783 documento
554 1728 625 1781 sunt
660 1721 758 1783 Silius
786 1723 837 1783 lV.
871 1724 947 1784 ott:
980 1725 1080 1800 agitet
1115 1725 1260 1802 Gargano

119 1830 222 1903 terga
243 1825 451 1885 ferarum.“
475 1823 510 1882 X.
532 1825 608 1886 tta:
632 1825 784 1900 resupina
805 1824 934 1885 citato
957 1825 1119 1896 Proiectus
1142 1829 1261 1890 dorso

116 1926 201 1987 derret
231 1942 301 1986 cum
329 1928 497 1986 membra“
534 1924 587 2008 (cf.
611 1925 646 1985 V.
671 1927 749 1985 284:
779 1925 882 2009 dumis
906 1927 990 1987 subit
1013 1961 1054 1974 -
1077 1928 1168 2004 lepus
1192 1947 1263 1990 ore

116 2026 247 2113 citato“)
271 2034 302 2089 et
325 2029 367 2097 ii,
392 2045 472 2102 quos
496 2026 728 2089 nominavimus
749 2029 839 2088 Anal.
855 2027 945 2104 Prop.
962 2028 1011 2088 XI.
1036 2047 1066 2106 p.
1080 2029 1130 2090 84.
1163 2032 1260 2092 Deui-

105 2120 169 2206 lque
187 2132 238 2192 de
255 2131 327 2191 vitii
351 2129 477 2207 origine
501 2131 697 2191 commodum
721 2137 770 2191 est
794 2138 826 2191 et
849 2132 938 2192 illum
960 2129 1161 2194 librariorum
1175 2149 1259 2196 erro·

119 2245 172 2294 reu
192 2233 324 2302 afferre,
354 2233 396 2292 de
424 2250 487 2308 qrro
512 2233 620 2293 dicere
652 2234 789 2310 ingressi
819 2229 925 2297 simus
949 2234 972 2305 l,
1002 2242 1034 2296 et
1057 2237 1119 2297 boc
1141 2237 1258 2298 addere

120 2353 219 2411 pamm
238 2335 367 2396 differre
390 2335 469 2395 illud
491 2340 808 2396 nataruntaecore
822 2333 925 2419 (Valg.
942 2355 973 2413 p.
988 2338 1059 2397 484.
1075 2336 1110 2421 b)
1133 2347 1165 2399 et
1186 2341 1262 2401 boc:

119 2444 430 2500 natoruuttercore
453 2437 490 2498 cl.
508 2437 586 2498 XLV
610 2456 639 2514 p.
657 2437 706 2497 88.
743 2437 863 2509 Quibus
877 2439 923 2500 ita
939 2439 1099 2515 expositis
1114 2441 1143 2500 si
1158 2441 1209 2502 cui
1221 2442 1263 2502 de

117 2538 238 2602 lloratio
269 2558 352 2601 nova
379 2546 518 2600 monstra
548 2541 680 2616 loquuto
714 2559 773 2600 nos
803 2541 867 2615 ipsi
897 2547 1036 2602 monstra
1062 2559 1189 2603 narrare
1215 2544 1263 2616 ju·

107 2642 300 2712 dicabimur,
332 2643 360 2702 is
384 2642 465 2704 sciat
483 2658 546 2702 uos
570 2643 698 2718 quidem
727 2659 787 2703 nec
815 2662 872 2720 pro
898 2645 1032 2705 veritate
1055 2647 1196 2706 enrenda
1217 2650 1263 2708 ul·

105 2792 113 2811 .-
141 2762 169 2805 ur
198 2747 340 2806 laborem
371 2745 525 2822 defugere
557 2751 589 2805 et
620 2747 671 2806 vel
703 2748 750 2807 sic
768 2725 888 2808 'minos
917 2747 957 2808 ad
986 2747 1163 2809 audendum
1192 2766 1262 2826 pro-

105 2843 205 2916 ¹iactos
230 2863 320 2917 esse,
344 2863 436 2922 quam
460 2853 585 2908 ceteros
609 2865 727 2909 omnes.

187 2950 338 3024 Denique
374 2949 429 3024 qui
463 2964 504 3009 ne
534 2950 575 3010 de
605 2954 742 3012 versut
782 2950 931 3026 quidem:
960 2966 1086 3026 pecus
1122 2963 1263 3012 omne“

114 3049 218 3113 babuit
239 3052 398 3128 quomodo
422 3053 606 3126 expediret,
633 3053 785 3114 Lebrsius
809 3070 838 3129 p.
850 3052 931 3111 XXX
955 3070 1017 3113 non
1039 3052 1263 3114 animadvertit

113 3153 283 3226 piscium
312 3171 441 3232 genus
471 3158 533 3216 ull
563 3174 626 3216 non
656 3156 759 3217 minus
787 3171 915 3234 genus
945 3171 1061 3217 omne
1087 3155 1262 3217 natantium

115 3253 207 3334 (Virg.
232 3257 346 3334 Georg.
369 3256 419 3315 ΙΙΙ.
446 3255 522 3341 541)
545 3258 704 3336 intelligi,
738 3275 832 3335 quam
855 3259 964 3336 priore
986 3261 1057 3321 loco
1081 3259 1264 3320 universum

115 3355 211 3420 Protei
234 3373 382 3437 gregem,
416 3365 581 3434 utramque
610 3367 714 3421 autem
745 3361 939 3422 mentionem
963 3361 1125 3437 pertinere
1147 3360 1187 3422 ad
1210 3361 1263 3421 de-

105 3459 290 3536 signandam
313 3461 430 3521 diluvii
452 3461 518 3521 vim
540 3462 720 3538 ingentem,
744 3480 807 3538 qua
828 3480 891 3523 nou
914 3478 978 3523 uua
1001 3479 1071 3532 ora,
1095 3463 1153 3523 sed
1169 3478 1262 3524 omne

117 3563 212 3642 solum!
228 3581 267 3626 ac
290 3570 357 3626 tota
374 3570 531 3625 'terrarum
555 3564 721 3642 longitudo
742 3563 806 3635 lam
821 3567 934 3625 hausta
949 3564 1118 3626 videretur.
1154 3566 1264 3642 Neque

118 3658 205 3736 idem,
235 3684 304 3726 oum
327 3668 390 3728 boc
412 3667 475 3730 sibi
498 3667 671 3742 persuadet
699 3685 728 3742 p.
754 3665 835 3725 XXX
867 3666 1151 3727 vehementissime
1181 3669 1265 3728 inter

120 3779 147 3822 se
164 3784 343 3846 repugnare
368 3785 478 3830 versus
503 3771 602 3845 2sq.:
626 3769 741 3830 Pater
766 3802 805 3812 -
829 3769 1008 3829 terruit“
1030 3776 1063 3828 et
1086 3770 1158 3839 illa,
1183 3785 1265 3845 quae

121 3864 268 3931 defluvio
291 3872 440 3932 uxorio
464 3868 564 3954 (Virg.
587 3871 730 3933 Aemili.
744 3872 815 3933 266.
841 3870 1263 3948 ClaudianNuptlloulbtl.

121 3965 169 4028 luc.
189 3973 305 4050 Paneg.
328 3973 408 4034 Max.
432 3973 679 4059 etConst.d,1)
701 3973 764 4046 jam
787 3989 824 4034 se
845 3973 982 4041 ultorem
1005 3972 1110 4034 lliae
1133 3971 1264 4032 nimium

123 4074 253 4140 querenti
274 4073 460 4145 jactante
483 4070 613 4156 (Wopk.
636 4076 749 4137 lustin.
773 4076 879 4136 XXIV.
897 4075 959 4143 5,3
984 4093 1015 4150 p.
1031 4075 1103 4134 221.
1135 4073 1263 4148 Rupert.

125 4174 286 4236 etweber.
317 4176 569 4260 iuvenalios)
599 4178 718 4256 scripta
747 4186 819 4240 sunt
851 4180 883 4239 in
911 4179 994 4237 hunc
1013 4175 1140 4236 modurn
1162 4193 1191 4234 v.
1210 4175 1264 4242 1o:
1350 4173 1356 4182 '

127 4266 204 4336 love
233 4297 311 4339 non
340 4281 580 4355 probante“,
610 4298 673 4340 non
704 4282 809 4357 arguit
832 4296 868 4341 se
890 4296 999 4356 parurn
1022 4276 1200 4339 intendisse
1223 4275 1265 4339 iis
