2806 4866
613 281 654 350 lt

49 473 83 530 p.
101 456 161 515 toa
187 454 327 515 Arnobio
351 474 413 516 non
437 454 554 525 adjecit
577 454 732 514 Tibullum
755 454 807 514 lll.
823 457 852 525 3,
871 459 924 517 34:
954 461 1062 522 faveas
1082 466 1212 537 concha,

48 559 219 635 Cypria,
249 565 342 618 vecta
370 555 470 642 tua“).
520 556 754 616 Wcrnsdorfius
778 556 808 616 P.
832 560 865 619 L.
888 559 926 619 M.
949 561 998 622 lV.
1027 581 1056 639 p.
1082 568 1151 627 322.
1181 575 1213 627 et

45 663 104 720 Vl.
133 678 163 735 p.
187 661 257 722 285.

598 811 672 894 lllll.

142 969 249 1029 Redeo
273 969 312 1027 ad
336 983 460 1027 carmen
486 967 521 1025 ll.
547 968 596 1035 13,
620 966 651 1026 in
676 965 765 1037 cujus
788 984 883 1029 versu
909 973 963 1031 la:

567 1069 706 1128 navita
728 1070 950 1145 Bosporum

263 1175 422 1249 Thynos
446 1171 736 1246 perhorrescit
758 1188 895 1247 neque
919 1177 1033 1237 ultra

351 1277 479 1336 Caeca
501 1273 715 1338 timetollunde
738 1274 822 1336 lata

53 1398 152 1455 quam
182 1381 236 1440 vili
267 1386 334 1440 arte
365 1396 441 1439 usus
472 1377 586 1437 Antius
615 1375 718 1453 l'r'ogr.
750 1378 837 1436 Cruc.
865 1379 944 1441 lato
978 1399 1006 1457 p.
1028 1383 1064 1442 21
1099 1401 1213 1461 propo·

54 1485 158 1544 suerit
193 1484 381 1558 timetque,
419 1480 653 1548 Lachmannus,
690 1480 740 1539 cui
780 1479 990 1559 suffragantur
1021 1483 1213 1556 mainerius,

51 1588 232 1662 HauptiuS,
262 1584 416 1646 Lchrsius
440 1602 469 1659 p.
495 1585 550 1644 55:
580 1581 740 1653 timctve,
771 1602 831 1644 non
857 1585 1002 1662 disputo:
1033 1588 1112 1648 illud
1135 1591 1214 1650 satis

50 1691 164 1752 mirari
187 1705 314 1764 nequeo
338 1686 534 1748 doctissimis
565 1685 746 1746 hominibus
779 1689 978 1750 tolerabilem
1011 1692 1111 1751 visam
1142 1709 1215 1753 essc

50 1798 137 1854 lianc
160 1793 369 1852 sententiam:
398 1804 503 1864 neque
535 1794 587 1848 aut
618 1789 726 1848 ultra
754 1796 808 1849 aut
838 1789 1004 1850 aliunde
1034 1810 1130 1854 caeca
1152 1795 1216 1854 lata

52 1897 183 1956 timet.“
249 1893 351 1963 Quare
394 1910 454 1967 quo
492 1897 525 1951 et
569 1891 748 1967 expellatur
793 1890 871 1950 illud
908 1893 1071 1954 aliunde
1117 1892 1216 1975 (quod

58 1995 320 2072 interpretandae
342 1995 430 2054 vocis
452 1996 561 2055 ultra
583 1992 686 2070 gratia
709 2010 727 2053 a
750 1993 964 2070 grammaticis
988 1993 1144 2066 adjectum
1169 1997 1182 2055 f
1204 2032 1214 2042 -

59 2101 128 2159 isse
158 2117 219 2158 non
249 2097 444 2158 incommode
476 2097 651 2173 suspiceris
686 2097 722 2155 cl.
747 2093 826 2179 llll.)
859 2105 890 2156 et
913 2112 1112 2158 numerorum
1136 2100 1214 2159 intc-

55 2204 157 2279 gritas
180 2208 361 2277 reparetur,
395 2206 642 2261 consentaneum
673 2206 722 2259 est
745 2200 825 2260 hanc
848 2201 1039 2262 sententiam
1069 2201 1207 2262 restitui:

54 2305 201 2364 sinaris
226 2310 311 2364 certo
336 2321 428 2363 cursu
452 2303 568 2371 fertur,
593 2301 722 2362 aliunde
748 2309 842 2363 nauta
865 2303 945 2362 nihil
970 2304 1077 2363 timet:

660 2437 790 2496 neque
813 2424 923 2481 ultra

358 2528 486 2588 Caeca
510 2527 628 2585 timet
650 2530 713 2588 rate
737 2531 823 2589 eunte
846 2526 937 2585 lata.

59 2647 138 2704 Nam
163 2647 318 2714 „verbum
343 2647 403 2705 irc
428 2652 528 2705 tutum
553 2653 584 2705 ct
607 2647 678 2706 sinc
692 2646 804 2707 damno
820 2661 1008 2721 prosperum
1025 2646 1086 2704 iter
1102 2650 1217 2705 notat“

55 2751 160 2808 Burm.
178 2749 243 2808 Val.
260 2749 359 2808 Flacc.
376 2749 397 2806 l.
422 2749 482 2808 508
508 2768 536 2825 p.
554 2752 594 2811 98
625 2749 661 2808 ci.
678 2749 787 2810 Heins.
803 2749 891 2807 ovid.
908 2749 993 2807 Rem.
1012 2749 1073 2807 loa
1104 2768 1132 2823 p.
1147 2749 1216 2807 tlt.

54 2852 173 2911 Wcitz.
197 2851 264 2910 Val.
288 2853 388 2912 Flacc.
405 2850 426 2909 l.
451 2853 511 2912 271
538 2870 566 2927 p.
585 2853 633 2912 62.

607 3055 672 3150 tlt.

149 3230 212 3289 Nec
242 3231 396 3289 minorem
426 3231 627 3290 mirationem
659 3245 697 3288 ca
726 3244 777 3287 rcs
810 3227 902 3295 facit,
933 3225 1017 3300 quod
1048 3241 1088 3284 ne
1111 3225 1218 3285 Peerl-

54 3335 208 3408 kompius
234 3333 362 3406 quidem
385 3334 416 3392 in
441 3332 631 3407 explicando
656 3347 750 3389 versu
772 3329 808 3387 ll.
836 3330 884 3398 15,
909 3331 943 3387 d:

574 3440 652 3492 turn
677 3431 858 3491 violaria
881 3436 922 3488 et

318 3537 468 3612 Myrtus
493 3543 530 3595 ct
554 3535 683 3594 omnis
707 3532 827 3608 copia
848 3531 961 3594 nariam

380 3639 580 3714 Spargant
604 3637 784 3696 olivetis
810 3634 972 3695 odorem

427 3741 656 3801 Fertilibus
680 3739 842 3799 domino
867 3737 1000 3813 priori

55 3844 198 3904 ulterius
222 3858 411 3919 progressus
436 3849 500 3912 est,
531 3859 623 3915 qnam
645 3848 679 3900 ut
704 3848 821 3911 „extra
852 3842 980 3901 satiram
1004 3841 1056 3899 vel
1077 3838 1222 3909 jocosum

59 3949 259 4024 epigramma
280 3946 374 4005 ssorcs
396 3945 554 4018 appellari
574 3960 672 4020 posse
696 3946 848 4004 narium
872 3945 1056 4019 copiam“
1084 3945 1214 4015 negaret

58 4051 217 4110 'lulerunt
241 4055 360 4114 tamen,
385 4045 469 4119 quod
492 4063 553 4105 non
579 4053 627 4104 est
650 4047 832 4115 ferendum,
856 4045 1036 4105 llllcinekius
1052 4041 1224 4114 Hauptius-

60 4168 144 4227 quc3
171 4151 226 4225 qui
249 4169 311 4209 nou
334 4149 407 4208 tulit
428 4148 580 4208 Lehrs'rus
604 4166 633 4223 p.
656 4147 821 4208 LXXXVII
844 4166 901 4207 suo
926 4160 1013 4204 more
1037 4144 1083 4201 sic
1107 4159 1142 4201 sc
1167 4158 1217 4202 cx-

58 4255 185 4330 pediit,
217 4259 250 4312 ut
275 4270 293 4311 a
316 4252 471 4326 scriptore
496 4252 603 4325 aliquo
628 4251 731 4309 deliro
756 4250 915 4324 inertique
939 4249 1000 4305 lroc
1024 4262 1151 4319 quoquc
1175 4251 1224 4304 te-

1016 4349 1034 4412 2
