2806 4866
14 4542 106 4598 ..-

142 517 297 579 Bantinis
311 517 492 576 horninibus
515 515 760 591 Forentinisqne
783 516 986 578 mirationem
1009 519 1105 591 lecit,
1135 521 1212 597 quod
1230 525 1276 582 eol-

141 624 205 683 lata
228 622 314 680 lauro
339 625 504 694 myrtoque
535 617 588 693 (de
617 635 679 693 qua
709 633 743 677 re
768 619 942 694 explicavit
964 621 1133 684 Jacobsins
1157 624 1277 685 l‘lriloslr.

142 727 194 785 lm.
213 724 246 782 ll.
266 722 302 783 12
335 740 364 798 p.
381 719 458 804 4111)
488 738 506 781 a
529 720 651 796 viperis
680 718 831 795 ursisque
859 721 1013 784 defensus
1046 733 1095 786 est
1119 726 1216 787 intans
1233 726 1278 786 llo-

142 827 260 895 ratius,
290 824 349 885 sed
377 824 461 898 quod
492 822 776 884 fabulosarum
805 823 913 883 avium
940 840 1020 902 grex
1051 827 1084 887 in
1108 830 1278 905 Appulun

140 929 302 990 Vultnrem
341 942 381 986 ex
417 925 495 986 sede
530 925 728 986 memorabili
767 931 799 986 et
830 925 1004 987 remotiore
1042 925 1090 1010 (id
1123 930 1204 1005 quod
1229 946 1279 1006 per-

143 1032 292 1108 spexisse
322 1036 400 1105 puto
424 1027 599 1089 Platorium
622 1027 770 1111 Abassid.
793 1028 873 1089 Prol.
898 1029 994 1112 extr.)
1021 1030 1194 1093 advolasse
1213 1033 1279 1092 vide

141 1138 253 1201 bantur
285 1129 560 1215 (quemadmodum
586 1129 754 1200 „Platonis
786 1131 818 1191 in
849 1132 939 1193 carnis
962 1133 1157 1196 dormientis
1177 1135 1279 1196 labellis

141 1238 202 1299 mel
227 1235 402 1296 instillasse
431 1249 511 1308 apes
534 1251 598 1294 non
620 1239 757 1293 montem
782 1231 1030 1310 Hymettum,
1066 1236 1126 1297 sed
1148 1236 1278 1298 blnsarnn

140 1337 382 1401 Heliconios
418 1335 518 1395 collas
555 1336 738 1411 depastae“
774 1336 865 1397 visae
899 1343 971 1397 sunt
1004 1337 1108 1401 Valer.
1141 1339 1277 1401 Manli

141 1449 203 1503 ext,
229 1443 271 1516 3).
322 1439 494 1502 Advolarat
516 1445 622 1500 autern
643 1439 698 1498 ille
722 1455 802 1515 grex
832 1455 872 1500 ex
896 1439 939 1500 iis
961 1441 1098 1512 finibus,
1131 1444 1184 1519 qui
1205 1443 1275 1503 Ennii

141 1545 297 1606 natalibus
326 1549 396 1604 sunt
429 1541 578 1601 illustres.
603 1539 702 1601 Strab.
717 1538 767 1600 Vl.
792 1560 822 1617 p.
843 1542 920 1602 282:
957 1539 991 1605 ἐν
1018 1544 1055 1606 δὲ
1084 1547 1122 1636 τῇ
1142 1548 1276 1628 μεσογαίᾳ

134 1641 261 1711 ‘Poetae
295 1646 329 1710 η’
350 1643 415 1710 εἶσι
444 1645 498 1707 καὶ
526 1645 686 1706 Λουπίαι·
729 1643 806 1705 Plin.
830 1643 866 1704 N.
889 1643 925 1705 H.
948 1637 1131 1717 lll!11,16
1166 1649 1274 1724 Lupia

139 1750 276 1810 Frontin.
306 1748 346 1808 de
376 1749 484 1808 Golon.
516 1763 544 1822 p.
564 1747 639 1807 lat:
675 1761 753 1824 ager
777 1780 818 1790 -
839 1748 1111 1824 Lyppiensis,
1140 1751 1274 1826 Metapon-

140 1853 225 1912 tinus
248 1850 487 1917 -Rodinus.“
525 1849 697 1910 Tzschrrek.
728 1849 834 1925 Pomp.
865 1849 937 1909 Mel.
960 1851 1043 1910 Nott.
1067 1853 1141 1912 Crit.
1166 1853 1194 1914 P.
1214 1852 1271 1912 ill

141 1973 171 2031 p.
187 1954 255 2037 321.
280 1954 318 2014 bl.
335 1945 494 2016 Schmidt.
519 1952 550 2013 in
575 1953 805 2028 Messapiorum
830 1952 937 2028 capite
960 1969 1011 2029 ap.
1035 1953 1136 2014 llulrn.
1152 1959 1224 2017 Actt.
1244 1954 1269 2012 de

141 2060 316 2134 Cornparat.
340 2057 427 2133 Ling.
446 2055 539 2114 XX.1
573 2074 602 2132 p.
622 2058 660 2116 50
678 2073 724 2130 sq.
769 2056 816 2115 An
848 2061 955 2130 potest
984 2071 1058 2116 esse
1082 2058 1151 2139 ulla
1171 2057 1268 2132 religio,
1311 2125 1314 2129 ἢ

140 2160 309 2235 quominus
333 2159 473 2218 litteras:
503 2158 619 2217 limen
642 2158 810 2233 apuliae
832 2153 1025 2239 (polliae)
1047 2159 1087 2220 ad
1110 2161 1191 2245 bunc
1211 2156 1268 2218 ordi·

120 2277 211 2324 nem
233 2275 436 2322 revocemus:
459 2256 603 2320 limina
625 2258 781 2335 lupiae:

399 2360 539 2426 ‘annm
562 2369 678 2424 extra
701 2361 845 2423 limina
866 2357 996 2444 bapino?
1104 2405 1109 2411 .

140 2466 203 2528 Sed
225 2468 299 2528 nolo
323 2467 537 2544 argumentari
559 2467 598 2526 de
621 2460 743 2542 Lupiae
766 2466 861 2525 rebus
885 2465 985 2526 sacris
1009 2462 1133 2548 (lllaus.
1158 2467 1195 2527 de
1212 2469 1267 2527 lton

140 2578 172 2632 et
194 2571 314 2631 Penatt.
338 2589 368 2646 p.
385 2572 445 2630 432
479 2578 510 2630 et
539 2577 602 2630 not.
619 2571 689 2631 683.
719 2588 749 2646 p.
766 2568 828 2628 446
856 2571 894 2631 cl.
918 2589 947 2646 p.
962 2571 1034 2630 let.
1064 2569 1268 2653 1101.684)111
1312 2582 1319 2637 ;

139 2674 179 2732 de
207 2670 338 2731 sedibus
366 2671 559 2745 palumbium
590 2667 791 2753 (norberti.
821 2672 947 2733 Hieron.
968 2671 1029 2733 le
1063 2692 1093 2749 p.
1119 2667 1268 2744 1431111.

140 2773 209 2835 libr.
226 2773 283 2832 l.8
315 2792 343 2849 p.
361 2774 412 2841 53,
432 2773 471 2831 22
487 2769 549 2855 sq.)
580 2779 612 2833 et
642 2775 758 2850 quibus
787 2775 902 2837 labnlis
933 2775 1116 2838 celebratae
1140 2793 1196 2839 eae
1215 2787 1269 2838 aro

138 2877 256 2937 luerint
278 2873 438 2961 (coenan.
461 2857 704 2964 r.11.'1nr.r.1
731 2897 760 2956 p.
775 2880 805 2947 r,
824 2880 850 2939 r.
875 2879 952 2938 eon.
976 2879 1066 2939 obss.
1091 2879 1122 2941 in
1142 2880 1270 2956 namn.

138 2979 200 3039 1.4
233 2999 261 3057 p.
289 2978 365 3063 ltl)
406 2985 460 3041 aut
494 2966 691 3056 ‘pertractare
731 2996 785 3051 ea,
829 2958 910 3055 quae
950 2980 1171 3044 inchoavimus
1204 2970 1287 3042 laal‘
1313 3038 1319 3046 ,,

137 3083 230 3160 Prop.
255 3084 273 3143 l.
288 3083 316 3142 d.
423 3105 427 3114 ·

222 3286 365 3349 Praestat
388 3286 556 3359 animiam
578 3289 704 3351 tandem
734 3289 859 3352 absolvi
880 3289 922 3378 de
947 3264 1044 3353 uersu
1064 3289 1206 3363 ejusdem
1225 3302 1271 3349 car·

137 3387 233 3448 minis
257 3391 332 3451 44;’

601 3495 753 3557 scimus
776 3501 815 3555 ut
839 3493 987 3572 impios

370 3597 536 3658 Titanas
558 3597 847 3672 immanemque
876 3603 1044 3661 turmam·

372 3746 374 3751 ,
436 3698 1007 3764 Fulminasustulerit-oadneo.

137 3800 235 3872 Quem
258 3796 337 3860 satis
361 3802 524 3874 probatnnr
539 3801 707 3864 Sarbievio
730 3799 795 3885 (lV.
813 3803 826 3862 l
844 3791 882 3879 p.
901 3805 977 3865 138:
999 3804 1128 3866 Frustra
1152 3798 1276 3868 caduci

135 3901 324 3964 fulminis
359 3902 475 3963 artilex
512 3903 612 3964 Moles
647 3908 684 3967 ab
720 3906 786 3966 alta
821 3913 907 3966 turre
936 3908 1116 3985 remugiit“
1148 3917 1181 3970 at
1207 3907 1227 3965 l.
1251 3901 1276 3964 11

136 4025 164 4083 p.
188 4006 243 4065 al:
279 4020 348 4064 cum
378 4004 527 4065 caduco
558 4005 685 4066 Moenia
714 4003 935 4069 corrouiieutnr
966 4008 1097 4092 igni“)
1128 4017 1278 4087 postquam

134 4106 298 4178 Bentlejns
327 4105 441 4166 merito
472 4107 502 4166 in
533 4107 799 4183 disceptationem
830 4112 976 4181 vocavit,
1010 4104 1092 4173 vitio
1117 4113 1278 4175 velamenta

138 4209 294 4283 quaedam
311 4205 403 4291 (quid
415 4209 501 4277 enim
514 4209 600 4270 alind
615 4209 717 4271 dicam
730 4209 759 4296 l)
782 4209 1019 4288 quaesiverunt,
1038 4221 1073 4274 ut
1087 4214 1279 4276 Abreschinn

137 4310 299 4372 Animadv.
332 4313 363 4372 in
387 4314 535 4390 Aeschyl.
552 4313 573 4371 l.
605 4331 634 4388 p.
652 4315 713 4374 278
737 4313 961 4388 praeteream,-
981 4316 1178 4383 Burmannus
1202 4311 1278 4376 ovid.
1317 4364 1319 4383 ,
