2806 4866
614 271 658 342 lt

45 434 235 516 {culcatum3
272 458 342 502 uam
380 445 655 504 membranaceus:
691 463 867 521 munusque
902 449 1025 510 litare
1063 454 1218 515 Dianae.“

44 548 200 608 ¹Litare
224 549 330 605 autem
355 545 428 620 ipso
451 546 599 606 carminis
623 555 814 624 argumento.
834 549 1023 627 intelligitur
1044 555 1127 614 idam
1144 572 1219 616 esse

50 644 307 724 atqueGenio
331 646 472 717 litare,
497 646 627 730 Genio
658 650 907 711 sacrificare
924 649 1076 737 ι(11Ιί13111.
1097 659 1146 716 lll.
1170 660 1219 729 lt,

19 742 44 815 ‘s
62 753 98 811 tt
125 769 155 826 p.
172 750 231 810 185
262 749 300 808 cf.
325 749 401 809 Stat.
427 751 524 810 Theb.
546 751 596 810 tv,
622 753 698 812 390:
731 759 784 812 tua
807 755 981 830 progenies
1007 759 1120 832 positis
1144 776 1218 835 gen-

17 822 173 939 ''vlibus
197 851 294 912 armis
315 850 404 922 Quae
428 851 488 912 tibi
503 853 586 929 lesta
608 852 737 937 litat),
761 855 887 916 litare
911 859 1092 920 Caecubo
1115 869 1220 921 autem

15 934 180 1057 3fflum
208 961 278 1024 est,
309 961 343 1014 ut
367 961 400 1013 et
424 955 520 1016 litat
542 957 658 1017 vario
682 957 810 1017 latice
833 964 865 1016 et
887 962 1144 1035 amplexibus
1171 965 1220 1024 li-

32 1060 152 1119 .tare
177 1055 266 1115 rudi
290 1056 446 1126 Amori,
470 1057 535 1116 alia
558 1058 634 1117 Oud.
659 1058 678 1117 1.
693 1058 721 1117 d.
746 1059 866 1119 laude
889 1061 1055 1122 litamus
1078 1065 1174 1125 Rutil.
1197 1065 1218 1124 l.

55 1160 110 1220 to.
158 1156 351 1233 Quamquam
380 1177 442 1219 non
473 1158 637 1221 defuturos
661 1176 735 1221 esse
757 1162 909 1233 arbitror,
940 1165 995 1239 qtri
1026 1167 1220 1228 Caecubum

55 1269 92 1322 et
126 1276 241 1320 uvam
271 1260 404 1320 retineri
434 1262 544 1322 malint
567 1278 724 1324 memores
754 1279 882 1334 eonun,
911 1266 966 1340 qui
988 1266 1136 1329 dixerunt
1159 1287 1219 1330 sa-

56 1381 142 1434 era,
167 1369 261 1457 exta
285 1363 410 1423 litare
433 1364 571 1425 Broulrb.
590 1365 681 1442 Prop.
696 1366 745 1424 lV.
768 1367 795 1435 1,
810 1367 849 1426 24
875 1386 906 1443 p.
922 1369 992 1429 376.
1038 1369 1220 1436 Gron.Sen.

56 1469 118 1544 Ag.
145 1466 204 1525 ott
245 1483 276 1539 p.
300 1466 370 1526 511.
418 1464 495 1524 Ond.
518 1467 612 1543 Apul.
635 1466 707 1528 Met.
729 1468 800 1528 vllt
836 1487 866 1545 p.
891 1472 962 1532 511.
998 1489 1137 1533 munus
1168 1474 1220 1533 li-

54 1576 153 1629 tare
176 1567 333 1627 Aldhelm.
354 1569 374 1626 l.
390 1567 418 1626 d.
460 1569 504 1630 cl.
528 1570 685 1651 LXlllllll.

146 1670 236 1730 Novo
258 1670 356 1746 igitur
384 1671 573 1733 documento
598 1673 790 1746 patefactum
819 1681 884 1743 est,
914 1691 1004 1748 quam
1035 1677 1132 1736 multo
1157 1678 1218 1738 Ho-

54 1773 162 1835 ratius
195 1779 227 1838 et
257 1773 420 1832 commode
452 1780 483 1832 et
513 1775 690 1834 insolenter·
715 1776 881 1835 invenerit.
927 1777 959 1834 ln
985 1794 1076 1851 quam
1100 1785 1220 1853 partem

60 1875 212 1935 subtilius
240 1875 414 1950 quaerendi
447 1876 554 1936 studia
577 1877 833 1936 doctissimorum
864 1877 1025 1935 bominum
1050 1880 1220 1939 etiamnum

36 1966 204 2037 'mirifice
230 1984 365 2039 cessant.
421 1978 530 2038 Veluti
559 1985 606 2046 ut,
622 1995 713 2038 usum
742 1978 833 2038 vocis
863 1978 992 2054 imago
1024 1987 1219 2054 praeteream

64 2074 221 2140 immerito
256 2098 275 2140 a
315 2080 424 2139 multis
454 2083 682 2157 reprehensum
712 2075 766 2160 (cl.
796 2079 933 2140 Meinels.
965 2080 1088 2141 Vindic.
1119 2082 1219 2143 Strab.

59 2200 90 2259 p.
119 2183 179 2242 175
209 2187 241 2263 et
270 2181 342 2241 Hor.
367 2202 396 2259 p.
419 2182 522 2266 Vlll),
553 2185 592 2243 ab
620 2185 692 2258 ipso
716 2181 958 2258 Peerlkampio,
989 2185 1039 2243 cui
1068 2199 1220 2245 assensus

60 2291 113 2344 est
133 2282 334 2354 Meinelsius,
358 2285 423 2344 vim
446 2285 537 2343 verbi
561 2291 791 2359 temperare
815 2302 924 2360 parum
950 2293 1037 2345 recte
1059 2286 1221 2347 definitam

57 2402 136 2446 esse
169 2387 235 2446 his:
275 2393 505 2460 temperare
542 2379 703 2461 significat
727 2385 835 2444 alicui
873 2385 920 2444 rei
953 2385 1115 2445 nimiam
1145 2389 1221 2446 vim

61 2489 282 2557 adimere“,
312 2494 497 2564 argumento
528 2494 600 2546 sunt
628 2488 692 2547 loci
722 2495 754 2547 et
783 2485 907 2548 Horatii
930 2487 1027 2572 Epod.
1050 2487 1140 2546 lltlll.
1165 2488 1220 2548 80:

60 2590 281 2665 Desiderique
303 2596 536 2666 temperare
560 2591 776 2662 poculum“
809 2597 841 2651 et
864 2590 959 2651 Statii
982 2591 1078 2651 Theb.
1093 2592 1129 2650 ll.
1147 2593 1221 2654 130:

58 2695 215 2768 laxatque
238 2708 339 2769 genas
363 2698 394 2750 et
418 2698 621 2766 temperat
643 2709 797 2768 ungues
821 2690 1000 2774 (Glossogr.
1024 2710 1054 2766 p.
1080 2692 1156 2752 335:
1180 2708 1221 2752 ne

60 2796 129 2855 siut
152 2795 247 2856 nimis
271 2796 427 2864 lrebetes,
451 2794 569 2854 acuit.“
593 2795 697 2855 Barth.
722 2795 771 2853 lX.
795 2795 855 2856 828
880 2813 911 2870 p.
939 2791 1034 2876 1096)
1059 2799 1092 2853 et
1112 2792 1221 2853 Siliil,

61 2901 145 2960 213:
168 2901 259 2960 Felix
282 2917 345 2975 qua
367 2901 503 2976 pingues
526 2898 614 2959 mitis
638 2900 733 2975 plaga
756 2904 959 2973 temperat
982 2914 1086 2972 agros.
1133 2897 1221 2972 Virg.

63 3005 182 3081 Georg.
206 3003 228 3062 l.
255 3004 332 3064 110:
362 2983 584 3076 scatebrisque
608 3000 731 3061 arentia
754 3005 952 3074 temperat
982 3014 1087 3087 arva.
1133 2997 1223 3057 Clau-

60 3108 149 3167 diao.
180 3106 270 3166 Prob.
299 3111 331 3164 et
360 3105 465 3182 Olybr.
497 3105 574 3164 260:
611 3104 763 3163 Oebaliae
800 3101 855 3176 qrri
888 3106 1091 3176 temperat
1126 3115 1223 3159 arva

62 3209 235 3270 Galesus.“
267 3207 442 3283 Hegesipp.
467 3207 516 3265 lv.
541 3208 598 3266 at:
628 3207 717 3266 Nilus
741 3221 899 3265 -arva
927 3208 1145 3278 temperat,
1170 3220 1223 3261 vo-

61 3318 130 3371 tum
156 3311 308 3391 opimat.“
355 3306 416 3378 Qui
445 3314 551 3368 autem
580 3311 679 3369 bace:
703 3325 762 3369 nec
784 3309 936 3367 Falernae
967 3311 1143 3380 temperant
1166 3304 1225 3364 vi-

63 3422 133 3474 tes
162 3428 267 3487 neque
296 3412 455 3472 Formiani
492 3413 643 3488 pocula
672 3412 830 3471 colles“
867 3406 1068 3484 ineptissime
1107 3407 1227 3483 scripta

64 3531 143 3574 esse
174 3515 384 3584 contendunt,
417 3530 512 3590 quum
541 3533 603 3574 non
636 3513 885 3591 explicaverint,
920 3511 952 3570 id
983 3511 1066 3584 quod
1097 3512 1223 3570 omnino

65 3616 392 3694 explicandum'lnit,
417 3633 479 3690 qua
502 3622 589 3676 tanta
611 3624 722 3692 captus
747 3615 906 3675 dementia
930 3612 1141 3672 scholasticus
1164 3613 1225 3674 iste

40 3726 182 3796 poeta,
207 3734 301 3793 quem
325 3718 388 3778 sibi
412 3719 516 3777 animo
542 3717 744 3778 informarent
758 3716 882 3776 Horatii
905 3713 1226 3782 simulatorern,.For-

65 3823 206 3882 mianum
231 3822 346 3881 collem
367 3838 423 3895 pro
449 3819 615 3880 Formiano
639 3821 796 3908 Baccho
820 3816 1040 3894 usurpaverit,
1064 3814 1227 3872 addiscant

63 3923 129 3996 jam
152 3923 305 3994 Horatio,
337 3916 392 3997 q'ui
427 3922 536 3980 vites
567 3927 599 3980 et
626 3923 756 3982 colles
780 3919 984 3987 memoravit,
1013 3917 1109 3990 longe
1133 3913 1227 3974 auda-

66 4027 177 4086 ciores
200 4025 302 4086 luisse
333 4040 411 4093 eos,
443 4023 497 4098 qui
522 4024 711 4084 lacernas
740 4025 928 4098 loquuntur,
959 4032 1041 4092 quae
1071 4015 1228 4074 totiens

67 4131 202 4204 'lyron
233 4135 461 4205 epotavere
492 4123 596 4207 (Valg.
629 4145 658 4202 p.
683 4125 776 4208 tel),
813 4123 927 4199 pocula
956 4120 1063 4193 Tago
1100 4116 1229 4191 perlusa

67 4231 126 4291 Sil.
139 4230 218 4290 XVl.
233 4232 305 4301 lot,
330 4229 512 4305 Hispaniam
537 4229 621 4306 l'ulva
647 4231 798 4288 intextam
813 4258 852 4268 -
865 4228 956 4280 veste
980 4219 1121 4295 Tagum
1137 4220 1225 4278 Clau·
1279 4280 1281 4284 ,

1021 4327 1038 4386 1
