2828 4866
603 365 605 369 ’
672 346 738 418 169

132 525 174 578 661
196 518 352 581 tuton:
381 526 536 594 notasque
561 521 606 579 ab
629 519 785 579 honore
808 519 938 580 Diones.
962 519 1049 578 6661.
1080 519 1118 579 16
1142 519 1280 604 honore)

130 620 302 697 detorsisse
327 636 383 693 ea;
413 637 496 697 quae
521 622 567 681 sic
591 622 791 681 invenissent
814 621 917 684 miuus
938 621 1056 680 usitate
1079 621 1167 682 diota,
1186 629 1219 682 et
1242 623 1281 684 ad

128 723 367 802 intelligendum
388 722 551 783 diflicilia:

381 823 582 886 Plurimus
605 823 851 889 1161666616
874 825 1061 887 6666611.

126 931 156 989 16
180 928 298 1007 661666
324 926 430 987 166661
454 926 607 1001 quaedam
631 926 786 1016 notabilia
810 933 841 985 et
864 926 1024 1003 gignendo
1049 926 1149 988 errori
1167 944 1281 1004 oppor-

125 1039 206 1091 tuna.
254 1033 300 1090 llo
328 1029 464 1104 primum
493 1028 621 1103 quidem
652 1028 812 1088 hominem
841 1029 1035 1090 honorum
1065 1031 1282 1106 plurimum

124 1138 257 1210 apparet
274 1128 325 1215 (cl.
335 1131 412 1192 1116.
425 1131 480 1207 Ep.
491 1130 525 1189 X.
537 1129 592 1212 25)
604 1148 667 1189 non
680 1130 784 1190 minus
797 1136 884 1190 recte
898 1131 963 1192 dici
976 1149 1067 1207 quam
1081 1150 1100 1192 a
1112 1130 1192 1193 Silio
1201 1131 1279 1191 XVI.

126 1236 201 1296 363:
226 1233 363 1312 Insignis
387 1234 485 1293 multa
508 1233 635 1292 cervice
660 1237 691 1291 et
714 1234 915 1308 plurimus
942 1233 1026 1292 idem
1049 1235 1200 1295 Ludentis
1224 1251 1282 1311 per

125 1338 206 1398 colla
226 1336 377 1408 jubae“
401 1337 439 1396 ab
456 1335 635 1410 eodemque
658 1333 821 1394 nimium
844 1336 957 1396 vitae
980 1341 1011 1395 et
1025 1338 1064 1397 ab
1085 1337 1176 1408 aliis,
1200 1355 1281 1414 quos

125 1440 213 1500 novit
236 1439 387 1499 Heinsius
410 1437 489 1500 XIV.
514 1437 575 1498 616
608 1455 635 1513 p.
651 1437 712 1496 136
727 1453 774 1512 66.
805 1442 837 1496 61
866 1435 915 1500 Vl.
940 1439 978 1498 81
1010 1440 1279 1513 6211461166.

125 1544 201 1603 1166.
228 1541 304 1604 XlV.
329 1543 346 1601 3
379 1561 407 1618 p.
423 1543 481 1610 16,
505 1542 607 1600 virum
631 1539 794 1599 nimium
816 1541 1064 1614 potestatis,
1096 1542 1280 1620 imperii,

126 1659 292 1722 pugnae.
307 1679 344 1690 —
360 1644 436 1704 Turn
460 1641 621 1712 „drinonis
638 1642 792 1703 honorum
810 1642 1004 1717 plurimum“
1028 1643 1280 1724 intelligi'nrira-

125 1755 227 1808 torem
251 1761 357 1813 earum
380 1761 501 1814 rerum,
532 1760 614 1819 6666
644 1744 734 1820 regia
757 1749 789 1803 et
813 1739 972 1819 equestris
1001 1745 1084 1807 luno·
1111 1747 1190 1827 dat„
1210 1764 1279 1826 per-

127 1850 271 1927 spicuum
293 1847 369 1909 lacit
392 1847 540 1909 Valerius
563 1847 694 1906 Flaccus
717 1845 768 1904 lV.
792 1847 869 1906 532:
906 1845 945 1905 ad
970 1848 1090 1908 oblitae
1113 1850 1281 1911 Cereris

127 1952 264 2029 suspirat
288 1951 483 2011 honores:
513 1947 669 2028 Agnoscit
699 1946 816 2007 Bacchi
839 1947 979 2008 latices“
1011 1949 1048 2008 61.
1070 1951 1171 2011 Burm.
1197 1951 1271 2012 Grat

128 2055 200 2129 Cyn.
226 2053 286 2113 316
318 2051 421 2127 6241
458 2046 528 2132 (6111
558 2055 673 2109 vocant
705 2048 831 2109 Cereris
861 2066 1039 2128 munera,
1069 2051 1171 2114 dona
1201 2054 1281 2114 Ciol.
1350 2093 1352 2098 -

99 2153 101 2157 ’
128 2155 216 2215 Ouid.
240 2154 312 2214 hlet.
335 2154 372 2213 X.
399 2153 438 2212 14
462 2171 491 2228 p.
507 2152 577 2214 691.
611 2152 831 2212 Cort-Luoan.
854 2139 906 2211 lll.
935 2153 997 2212 266
1023 2172 1051 2231 p.
1067 2154 1126 2215 341
1151 2155 1189 2216 ci.
1207 2156 1286 2218 Hor.»

129 2261 224 2322 Carm.
247 2259 298 2318 lV.
326 2259 375 2327 15,
399 2258 439 2317 26
480 2255 593 2317 Bacchi
622 2271 793 2316 munera.
830 2257 992 2318 Macedon.
1021 2261 1119 2325 Anth.
1145 2262 1208 2323 Pal.
1230 2264 1280 2322 Xl.

129 2365 219 2433 tae
262 2360 362 2443 diripe.
382 2361 521 2422 Λυαῖον.
562 2357 695 2418 Dorvill.
729 2357 802 2417 Crit.
838 2358 935 2418 Vann.
973 2377 1002 2436 p.
1026 2360 1096 2420 644.
1147 2363 1281 2424 11666616

128 2465 306 2542 praemia
337 2461 646 2523 Schrad.1tlus.290
677 2459 824 2535 pilton.
863 2460 977 2538 Bergk.
1002 2463 1115 2524 Anacr.
1138 2483 1168 2542 p.
1185 2466 1224 2526 48
1249 2473 1282 2527 et

127 2566 198 2652 lx),
223 2582 411 2644 quamquam
433 2583 495 2625 non
519 2563 669 2634 deerunt,
694 2562 748 2638 qui
772 2564 852 2624 6666
875 2563 915 2624 66
937 2564 1029 2628 ludos
1054 2572 1086 2626 et
1109 2569 1282 2633 certamina

130 2665 245 2752 (caan.
277 2670 353 2730 star.
378 2667 572 2728 areauna
610 2685 639 2743 p.
658 2666 719 2728 343
744 2653 786 2727 ’6.
810 2666 896 2745 Virg.
919 2669 997 2730 Aen.
1020 2669 1085 2730 xu.
1109 2673 1180 2732 ato.
1204 2671 1281 2759 rra)
1344 2716 1346 2719 -

128 2779 222 2848 atque
249 2772 434 2848 Argolicum
465 2770 629 2846 clypeum,
665 2786 727 2844 666
758 2770 876 2830 nullum
905 2771 965 2832 fuit
995 2775 1168 2849 praemium
1198 2778 1281 2837 cele

128 2877 246 2938 bratius
276 2874 407 2958 (Spanh.
438 2872 557 2935 Gallim.
587 2873 727 2934 161165
766 2874 885 2947 6511.
929 2875 1024 2936 Drak.
1053 2876 1107 2937 Sil.
1139 2879 1187 2938 lll.
1222 2881 1281 2944 199

129 2997 156 3055 p.
169 2977 266 3064 466),
286 2979 411 3038 reterre
433 2978 552 3039 malint.
577 3010 617 3020 -
651 2975 775 3035 Deinde
800 2975 855 3035 1116
883 2976 1056 3038 lunonis
1085 2980 1281 3041 honorum

128 3080 380 3165 reprehensione
412 3095 521 3140 carere
558 3078 651 3138 docet
681 3078 753 3153 ipse
782 3076 931 3138 Horatius
960 3078 981 3139 1.
1015 3082 1063 3150 tt,
1096 3083 1148 3142 16:
1188 3084 1282 3158 copia

128 3183 264 3269 Manebit
280 3182 462 3260 adplenum
478 3182 617 3258 benigno
637 3181 754 3241 Ruris
778 3182 971 3242 bonorum
987 3185 1138 3258 opulenta
1152 3196 1281 3246 cornu.“

128 3286 225 3348 Silius
256 3287 292 3346 ll.
324 3287 401 3348 150:
434 3284 608 3346 Alcidae
644 3286 788 3360 templi
827 3292 942 3346 custos,
988 3285 1009 3347 Ι.
1034 3289 1068 3347 3:
1102 3290 1295 3355 laborum,

127 3389 364 3466 Hesperiae.
408 3386 557 3448 Valerius
581 3387 710 3446 Flaccus
734 3388 783 3446 Ill.
810 3388 887 3448 380:
919 3389 1027 3448 socius
1050 3393 1160 3467 superi
1175 3409 1282 3468 6666-

126 3493 196 3554 dam
220 3493 332 3570 ignis
356 3491 524 3567 Olympi.
575 3489 694 3551 Statius
718 3491 817 3551 Theb.
847 3491 897 3550 tv.
922 3493 999 3554 792:
1032 3497 1281 3574 nemorisque

126 3595 472 3663 malorumsinscius
519 3592 675 3678 Virgilius
698 3595 774 3653 Aen.
796 3594 845 3653 lli.
871 3595 948 3655 474:
970 3598 1185 3674 matrisque
1208 3601 1283 3661 alla-

124 3697 208 3759 bitur
240 3713 333 3758 aures
363 3696 543 3782 Euryali.
581 3696 618 3754 X.
644 3697 722 3756 336:
761 3697 902 3773 clypei
938 3701 1173 3760 transverberat
1207 3714 1283 3760 aera

124 3799 319 3860 61666616.
364 3798 525 3859 Ausonius
550 3800 628 3859 Clar.
652 3798 725 3859 Urb.
746 3799 795 3858 IX.
812 3801 847 3859 2:
870 3801 1012 3861 Athenas
1035 3800 1227 3862 Pallados
1252 3808 1283 3865 et

125 3901 248 3963 Consi
269 3901 425 3987 quondam
444 3901 681 3970 certaminis
699 3911 832 3963 ·arcem“
850 3910 881 3963 et
896 3920 976 3979 6666
993 3904 1102 3980 616666
1117 3903 1148 3963 16
1163 3904 1281 3964 Cinnae

80 3991 82 3998 ’
125 4000 583 4090 6666666166661166666161.
606 4004 638 4063 lr.
653 4001 709 4086 111)
732 4003 886 4064 afferendi
910 4005 1107 4080 66616666.-
1128 4024 1162 4058 ÷
1185 4005 1281 4065 Deni-

125 4121 189 4182 que
218 4106 409 4166 demutato
432 4105 568 4189 dicendi
597 4122 733 4183 genere:
760 4107 841 4184 'alii
866 4140 906 4149 -
929 4112 1023 4166 sunt
1052 4106 1121 4180 qui
1152 4139 1193 4148 —
1216 4108 1282 4168 hic

125 4209 205 4273 satis
238 4214 287 4268 est
319 4206 477 4279 adjecisse
499 4210 658 4269 Lucanum
682 4210 716 4269 X.
745 4210 821 4270 128:
857 4209 1110 4269 Discolorhos
1140 4211 1281 4286 sanguis,
1364 4232 1383 4259 ·

124 4311 234 4397 ³¹5.ss
250 4310 448 4395 distinxerat
472 4317 590 4371 aetas“
615 4329 651 4370 66
676 4313 835 4372 Valerium
859 4313 958 4371 Flacc.
985 4311 1033 4386 Vl.
1059 4313 1181 4388 51166.
1206 4312 1280 4386 Nnc,
