2806 4866
542 308 684 378 -ttt

583 511 742 610 xlvttl.

169 690 260 760 Quod
285 690 442 749 animus
467 670 610 747 consul
633 685 750 745 dicitur
771 683 821 744 lV.
846 687 875 755 9,
901 685 957 746 39:

592 789 660 850 llst
683 790 836 850 animus
861 786 941 847 tibi

297 894 521 969 Rerumque
543 891 726 967 prudens
749 895 787 950 et
810 890 1002 951 secundis

340 996 608 1072 Temporibus
631 992 853 1068 dubiisque
877 1000 1017 1054 rectus

255 1098 415 1161 Vindex
439 1113 587 1159 avarae
609 1095 767 1156 fraudis
792 1101 829 1154 et
851 1096 1070 1156 abstinens

253 1201 455 1262 Ducentis
481 1201 527 1262 ad
550 1216 593 1261 se
617 1204 771 1281 cuncta¹
790 1198 991 1273 pecuniae

296 1303 456 1382 tenerique
478 1320 554 1363 noo
575 1303 697 1363 unius
720 1302 833 1371 anni,

338 1407 414 1466 Sed
439 1405 631 1481 quotiens
655 1407 785 1467 bonus
809 1410 932 1479 atque
955 1404 1066 1464 lidus

255 1508 381 1568 ludex
404 1508 621 1568 honestum
644 1508 851 1585 praetulit
872 1507 972 1568 utili
996 1514 1033 1567 et

254 1597 415 1681 Reiecit
439 1611 524 1670 alto
548 1610 651 1671 dona
673 1609 907 1670 nocentium

296 1711 433 1782 Vultu,
456 1728 526 1787 per
549 1714 765 1773 obstantes
789 1719 979 1774 catervas

341 1815 557 1893 Explicuit
581 1834 652 1876 sua
674 1817 808 1903 uictor
830 1832 951 1887 arma,

106 1915 392 1994 dt’eenknmpinm
416 1924 447 1977 et
470 1917 637 1978 Lehrsium
660 1936 795 1980 —uam
823 1919 906 1980 alios
934 1923 1075 1993 praestat
1106 1917 1237 1977 silentio

105 2021 253 2081 mosmitti
284 2056 326 2066 -
355 2027 555 2083 transversos
587 2021 670 2098 egit,
705 2028 739 2082 ut
769 2021 825 2081 ille
855 2021 939 2083 iacta
967 2037 1080 2081 versus
1112 2021 1149 2098 31
1179 2019 1238 2080 hac

105 2123 277 2184 nutatione:
306 2126 433 2186 Vindex
457 2140 590 2186 avarae
614 2124 864 2186 es'iraudis“
888 2140 1001 2184 versus
1025 2124 1164 2185 45-52
1194 2123 1239 2183 in·
1266 2173 1276 2191 .

105 2222 247 2286 ducendos
272 2229 568 2303 atque-abolendos
592 2234 756 2299 censeret,
780 2229 833 2288 bic
854 2245 884 2303 p.
909 2227 1043 2288 CXXXII
1065 2230 1126 2288 hos
1149 2227 1238 2301 ipsos

105 2341 196 2387 uersus
235 2336 375 2390 tueretur
409 2331 645 2406 retineretque,
681 2329 842 2404 superiori
877 2330 977 2407 parti,
1015 2347 1107 2406 qnam
1135 2321 1239 2391 Peerl-

106 2427 234 2507 lampius
266 2435 544 2507 comprobaverat,
580 2433 702 2508 aliquot
731 2448 844 2492 versus
874 2438 1045 2509 excerptos
1075 2431 1240 2500 adimeret,

106 2531 228 2607 reliquos
257 2536 289 2595 in
319 2536 403 2596 hunc
426 2536 549 2596 modnm
574 2535 750 2613 digereret:
794 2535 850 2596 Est
880 2536 1003 2596 animus
1030 2535 1091 2594 tibi
1115 2534 1239 2594 Vindex

105 2649 199 2696 avarae
231 2638 351 2698 fraudis
384 2646 416 2699 et
444 2639 608 2700 abstinens
635 2636 790 2701 Ducentis
819 2639 858 2700 ad
881 2654 918 2698 se
941 2644 1053 2698 crmcta
1081 2637 1258 2714 pecuniae

106 2733 263 2815 llemmque
294 2742 433 2817 prudens
466 2749 498 2802 et
526 2742 675 2803 secundis
701 2741 910 2818 Temporibus
933 2742 1103 2818 dubiisque
1125 2745 1239 2801 rectus.

105 2835 156 2900 Non
183 2844 403 2916 possidentem
425 2854 499 2902 -.“
552 2846 723 2915 Crederes,
753 2847 781 2904 si
803 2845 881 2906 talia
910 2860 1005 2904 curae
1035 2859 1108 2904 esso
1140 2844 1240 2903 scires

106 2941 158 3003 viro
185 2946 390 3019 doctissimo,
427 2949 511 3008 lecta
529 2950 578 3008 xab
610 2963 648 3007 eo
676 2948 778 3007 fuisse
812 2945 971 3007 Sarbievii
1000 2946 1113 3022 Lyrica
1131 2946 1180 3005 lll.
1203 2946 1239 3005 18

106 3060 126 3116 p.
147 3046 234 3110 lli:v
263 3049 349 3109 Haec
380 3050 436 3111 illa
465 3052 569 3129 magni
602 3051 743 3126 pectoris
773 3050 899 3110 indoles
929 3049 1009 3109 Sese
1038 3049 1109 3123 ipsa
1137 3063 1240 3106 remm

105 3145 233 3210 luctibus
262 3153 358 3230 erigit
388 3154 552 3229 Curasque
581 3160 614 3213 et
644 3154 775 3214 alternis
805 3158 964 3216 natantem
994 3152 1145 3212 Consiliis
1175 3150 1240 3210 ani·
1276 3200 1284 3209 c

105 3254 355 3325 mnmremiscet,
392 3255 551 3317 Vindex
585 3272 731 3316 avarae
765 3255 924 3316 fraudis
954 3261 993 3314 et
1022 3253 1240 3316 abstinens

105 3351 248 3437 latrantis
279 3375 357 3417 auro
386 3374 485 3436 regna
518 3358 723 3435 pecuniae
750 3348 980 3432 Rerumque
1006 3358 1153 3431 prudens
1182 3371 1241 3416 nec

105 3466 235 3519 tmentae
268 3460 384 3520 Laudis
414 3461 500 3522 iners
529 3461 690 3538 animique
718 3469 844 3538 parca.“
870 3491 872 3494 v
897 3460 1011 3520 Verum
1033 3460 1091 3520 bas
1115 3467 1240 3521 senten-

105 3554 168 3630 lias,
199 3577 281 3637 quae
312 3563 344 3623 in
377 3565 551 3625 contrarias
588 3571 697 3641 partes
734 3564 903 3624 tendentes
922 3569 965 3643 ,et
1000 3563 1083 3625 inter
1119 3581 1155 3624 se
1184 3584 1253 3634 noa

105 3668 179 3723 ocant
210 3672 241 3724 et
272 3666 416 3742 iugentia
446 3665 577 3727 Horatio
615 3667 751 3727 inierant
779 3667 908 3739 damna,
939 3686 1002 3728 non
1032 3651 1085 3729 ita
1106 3682 1239 3728 necesse

105 3769 139 3822 ast
160 3767 304 3826 studiose
336 3773 432 3843 atque
461 3775 607 3829 accurate
631 3761 737 3828 refelli
767 3768 863 3844 idque
886 3785 926 3830 eo
949 3771 1070 3839 minus,
1102 3768 1187 3843 quod
1210 3775 1240 3827 et

105 3863 130 3923 ld
149 3869 321 3929 tollendam
344 3887 458 3930 vocum
481 3871 638 3931 animus
664 3872 807 3931 consul
830 3872 1006 3933 novitatem
1025 3879 1056 3931 et
1071 3868 1110 3932 ad
1134 3871 1237 3930 levan-

105 3962 156 4029 lrm
179 3971 312 4031 alteram
330 3958 422 4032 'illam
445 3964 681 4044 difficultatem,
712 3991 804 4049 quam
827 3973 879 4034 his
903 3974 1042 4035 ostendit
1063 3973 1240 4033 Peerlkam-

105 4069 175 4130 tius:
209 4074 333 4133 animus
360 4074 463 4134 victor
492 4093 551 4135 sua
579 4093 684 4136 arma
714 4077 897 4152 explicat
921 4095 983 4135 non
1013 4075 1115 4152 magis
1138 4075 1239 4135 feren·

105 4168 156 4234 lum
182 4181 251 4245 est,
280 4193 372 4250 quam
394 4179 608 4252 ‘superiora‘ss
638 4180 717 4239 satis
746 4186 813 4239 tuto
844 4179 1007 4254 perveniri
1036 4177 1178 4249 videtur,
1213 4178 1241 4237 si

105 4293 165 4338 aec
199 4294 305 4337 snmas
336 4278 438 4338 fuisse
473 4281 511 4339 ab
544 4280 675 4341 Horatio
709 4281 810 4343 dicta:
845 4282 941 4345 Lollii
971 4282 1092 4342 animus
1126 4297 1241 4343 avarae
