2806 4866
671 263 717 334 st

120 442 212 502 Aeta.
245 441 362 502 nato.
395 440 455 500 473
485 454 522 499 ac
551 437 662 497 Senec.
690 436 758 497 Nat.
782 433 904 505 Quill.
930 436 987 496 26:
1026 435 1059 496 in
1092 433 1258 513 Syracusano
1303 484 1312 522 ᾖ

120 544 215 604 litore
239 558 450 621 emergere
474 541 511 601 cl.
531 539 674 600 German.
687 539 802 600 Phaen.
817 541 894 610 cto:
918 540 1051 600 Lucifer
1072 574 1116 584 —
1136 539 1260 600 Exsilit
1303 569 1312 611 t

121 649 278 707 Oceano.“
309 646 385 707 Stat.
397 640 541 703 lhehll.
560 642 608 700 56.
632 643 725 702 Anth.
740 644 808 703 Lat.
817 639 958 702 tuest:
983 641 1016 702 in
1033 657 1088 702 me
1102 641 1260 702 omnislan·

120 757 206 811 tanus
228 744 444 829 exsiliat“)
471 751 503 804 et
522 745 672 805 existit
693 740 783 826 (Stat.
801 742 1259 820 Coniect.llll.p.281.notit.
1297 735 1308 829 J]

121 854 197 913 Oud.
208 853 285 913 llirt.
297 845 327 910 ’1.
343 851 372 911 d.
396 866 426 922 p.
442 848 513 908 803.
537 848 633 908 Drah.
646 847 713 907 Liv.
726 846 819 906 XXV.
834 844 914 930 1‚3).
937 845 1021 916 Quid
1034 847 1148 907 multis
1159 841 1259 907 mororl

122 956 206 1032 quod
234 974 295 1015 non
315 952 422 1013 dubiis
444 949 574 1010 indiciis
594 949 877 1026 investigavimusc
907 948 1076 1020 exsilit,
1103 951 1137 1010 id
1156 951 1192 1010 ab
1208 950 1259 1024 ipsc
1292 942 1295 988 ἕ

123 1057 252 1118 Horatio
276 1058 432 1130 sumptum
455 1053 494 1112 ab
512 1053 688 1127 eodemque
706 1053 789 1113 hunc
806 1052 915 1126 potius
936 1053 1109 1112 verborum
1129 1052 1258 1113 ordinem:
1289 1076 1299 1138 ἶ·

288 1202 291 1209 .
336 1153 506 1214 Menses:
530 1153 673 1235 proinde
696 1153 915 1230 pulchrior
935 1152 1046 1231 cxslllt,

124 1277 214 1335 quarn
238 1273 331 1332 quem
347 1271 455 1316 ornnes
473 1261 598 1316 tenent:
623 1270 778 1314 merses
801 1256 1018 1331 profundo:
1043 1256 1202 1333 pulchrior
1212 1261 1255 1296 -“

123 1359 177 1443 (cl.
201 1361 257 1421 Sil.
282 1360 332 1419 lV.
356 1360 434 1419 802:
465 1373 597 1418 mersa
618 1357 825 1431 profundo
855 1358 973 1419 Punica
1003 1373 1104 1435 regna
1127 1351 1253 1436 lorent“),

125 1465 302 1524 institutum
332 1461 433 1520 luisse
462 1466 572 1520 auctor
602 1466 652 1520 est
675 1459 830 1528 Rutilius,
861 1459 921 1533 qui*
945 1459 1071 1521 Horatii
1106 1459 1252 1535 exennplm
1294 1433 1312 1459 ⁵

126 1565 304 1626 imitatione
329 1579 365 1622 sc
390 1562 592 1636 expressisse
615 1561 787 1636 perspicue
809 1561 861 1621 his
884 1562 1002 1622 latetur
1024 1562 1045 1622 l.
1073 1563 1151 1624 129:
1180 1558 1252 1621 ltevit

125 1681 291 1727 successus
314 1663 491 1725 Annibal
518 1661 589 1738 ipse
612 1679 698 1723 suos.
744 1661 831 1733 Quae
855 1663 982 1739 mergi
1006 1668 1184 1737 nequeunt,
1202 1659 1250 1719 nisn
1282 1643 1309 1652 ”

126 1768 244 1841 majore
270 1773 436 1842 resurgunt
457 1765 743 1839 Exsiliumque
768 1764 859 1823 imis
881 1764 978 1824 altius
1002 1771 1074 1825 acta
1096 1764 1209 1824 uadis.“

211 1979 237 2036 A
269 1973 388 2034 Rutilio
429 1971 500 2047 ipsa
545 1986 596 2030 res
639 1986 808 2046 parumper
839 1977 954 2030 avocat
989 1970 1029 2029 ad
1070 1971 1248 2031 Claudiannn.

126 2084 267 2155 Namque
290 2079 346 2139 illa
370 2097 397 2135 v.
420 2077 578 2136 til—di:

297 2180 378 2240 Non
411 2178 539 2254 hydra
566 2183 681 2236 secto
711 2193 884 2252 corpore
908 2179 1072 2239 tirmior

296 2281 416 2342 Vinci
440 2280 650 2340 dolentem
681 2281 817 2340 crevit
841 2281 878 2340 in
901 2279 1116 2341 Herculem

374 2384 649 2443 lllonstrumue
673 2384 913 2444 summisere
938 2383 1085 2442 Colchi

437 2484 566 2554 Maius
588 2485 871 2546 Echioniaeve
895 2485 1058 2544 Thebae

130 2598 201 2668 post
243 2587 401 2648 strunium
439 2585 580 2646 insiticia
613 2586 767 2657 judicavit
796 2586 994 2657 Meinehius‚
1031 2587 1084 2647 cui
1116 2585 1261 2647 assentitur
1309 2620 1312 2629 ‹

127 2690 280 2753 Lehrsius
310 2707 341 2764 p.
365 2688 513 2748 ccxvttt
550 2688 721 2764 „ineptum
760 2705 832 2750 esse
867 2691 1044 2761 Romanos,
1081 2706 1209 2765 quorum
1233 2684 1272 2743 in·
1311 2739 1312 2742 ,

127 2796 244 2854 victam
267 2792 415 2852 virtutem
438 2797 536 2866 pocta
558 2792 719 2862 celebret,
751 2793 927 2867 comparari
957 2810 1026 2854 cum
1056 2791 1199 2868 Spartis,
1226 2781 1264 2863 uui

129 2903 274 2958 conserta
303 2912 394 2955 manin
426 2895 505 2954 uicti
535 2896 773 2956 occubuerint.“
828 2897 869 2964 At
899 2895 1035 2956 calidius
1067 2896 1179 2955 initum
1211 2901 1266 2952 esse

129 3001 296 3061 consilium
327 3004 360 3058 et
390 2997 582 3058 Claudianus
610 2997 812 3058 manifestum
846 3000 923 3070 lacit
945 2999 991 3059 Pr.
1016 2999 1048 3058 C.
1072 2996 1143 3058 Stil.
1167 2999 1187 3057 l.
1211 2995 1270 3054 Sti:

128 3103 212 3161 unde
242 3102 328 3161 rudis
358 3106 444 3161 tanto
473 3100 579 3159 tirone
605 3099 755 3170 juventus
777 3101 956 3163 Emicuit
984 3101 1145 3177 senioque
1176 3102 1271 3161 iterun
1310 3102 1312 3111 '

130 3208 281 3261 vernante
312 3202 461 3261 resumsit
491 3199 594 3262 Gallia
622 3202 671 3261 bis
703 3200 817 3263 tractas
852 3205 969 3281 Alpino
1005 3205 1140 3263 vulnere
1176 3191 1272 3261 vires?

99 3377 101 3381 ι
130 3303 198 3362 lton
222 3319 282 3380 ego
305 3303 448 3375 delectu,
472 3305 560 3382 Tyrii
586 3304 643 3365 sed
665 3321 797 3365 vomere
820 3306 928 3367 Cadmi
952 3308 1026 3366 'lam
1052 3304 1177 3365 subitas
1198 3304 1275 3365 acies

131 3412 301 3481 conceptas
330 3407 427 3484 dente
458 3407 604 3469 draconis
635 3408 874 3471 Exsiluisse
904 3417 1005 3470 reor·“
1035 3404 1135 3490 (quod
1159 3410 1278 3468 verbnm

131 3507 292 3568 inuenitur
317 3507 466 3567 similiter
495 3509 633 3583 positum
649 3529 676 3571 a
699 3510 898 3573 Lucanon.
924 3513 994 3573 398.
1035 3508 1116 3570 Silio
1142 3512 1193 3571 lll.
1216 3509 1280 3570 688.

129 3611 195 3670 Vll.
211 3609 261 3668 lu.
295 3609 471 3690 Ammiano
494 3608 588 3670 Marc.
605 3611 682 3670 Xlll.
701 3614 728 3683 1,
752 3614 799 3672 10.
830 3613 952 3675 lsidoro
974 3613 1053 3673 Vlll.
1070 3615 1098 3681 9,
1117 3614 1155 3673 35
1181 3632 1212 3689 p.
1226 3613 1280 3672 ato

131 3719 163 3772 et
186 3711 290 3772 Schol.
313 3711 428 3770 Lucan.
451 3710 472 3768 l.
496 3712 557 3771 637
581 3730 611 3788 p.
628 3714 677 3774 99.
712 3714 800 3776 Wah.
824 3717 947 3775 Lucret.
972 3717 993 3776 Ι.
1021 3716 1079 3776 tae
1110 3733 1141 3790 p.
1160 3713 1218 3800 46)
1247 3713 1280 3775 ci.

129 3815 224 3875 Pisid.
247 3816 282 3874 B.
307 3817 400 3874 Avar.
424 3812 501 3872 214:
545 3809 614 3876 luat
642 3816 677 3878 δὲ
705 3812 822 3879 λοιπὸν
849 3815 958 3899 ὥσπερ
992 3813 1027 3880 οἱ
1053 3816 1158 3897 μῦθοι
1188 3813 1283 3880 πάλαι

133 3912 216 3990 Τοὺς
236 3924 374 3998 γηγενεῖς
394 3910 571 3977 πλάττουσι
592 3913 665 3990 τοὺς
685 3917 946 4002 ψευδοσπόρους,
973 3920 1035 3994 Τῆς
1050 3911 1140 4000 γῆςό
1157 3915 1285 4001 πυθμὴν

129 4014 311 4101 βαρβάρους
331 4009 499 4082 cirini-occ.
522 4017 658 4079 MenaSS.
682 4022 911 4084 euronotus:
935 4024 989 4084 καὶ
1012 4018 1102 4098 λήϊον
1124 4011 1285 4102 civiliacum

130 4112 274 4206 ἅντικριὶς
298 4123 457 4204 βασιλέων
486 4113 529 4195 ὡς
558 4114 632 4192 τοὺς
662 4115 833 4205 Σπαρτόῧς
868 4120 943 4198 τοὺς
970 4129 1108 4204 γηγενεῖς
1135 4114 1153 4183 ὁ
1181 4125 1286 4204 μῦθος

131 4215 322 4290 ἀναπλάττει
347 4233 442 4286 etex
467 4241 505 4285 ea
527 4240 562 4284 re
588 4222 795 4300 intelligitur,
819 4228 902 4299 quod
929 4228 968 4287 ab
994 4226 1188 4287 excellentia
1209 4227 1284 4286 belli
