2806 4866
120 485 178 543 bus
201 482 346 545 Vaticani
372 485 593 561 importunitas
621 484 690 543 tolli
716 482 881 543 couunode
906 499 1004 560 posse
1029 484 1226 552 videatur‚tr1
1259 506 1296 547 aa

120 587 229 646 irarum
254 587 450 657 conjectura:

635 690 812 748 simulet
842 687 990 759 jocosa

327 793 529 852 ltettderet
556 790 700 850 laudes
724 793 798 852 tibi
823 797 869 854 ter
891 789 1051 872 propinqui

479 893 626 954 Montis
651 894 792 971 imago.
1280 966 1284 972 Ι

121 997 156 1055 tu
184 1004 231 1057 ter
255 998 440 1058 resonuisse
464 996 586 1056 dicatur
609 998 714 1074 imago
732 996 878 1056 Vaticani
901 996 1030 1057 montis,
1079 1004 1123 1059 Ac
1143 1000 1233 1058 torum

122 1102 198 1167 erit,
231 1099 286 1175 qrri
317 1100 419 1175 ipsum
443 1099 587 1159 Vaticani
619 1116 731 1160 nomen
763 1115 803 1159 eo
834 1098 983 1175 cupidius
1015 1109 1170 1178 arreptum
1193 1115 1236 1160 esst

122 1209 254 1271 statuat,
286 1220 347 1277 uuo
371 1202 498 1261 iacilius
523 1204 688 1278 proximae
711 1203 801 1262 vocis
827 1201 1041 1262 similitudine
1064 1223 1128 1264 vox
1150 1213 1199 1264 ter
1214 1203 1239 1262 iu

120 1305 234 1379 tercipi
260 1305 404 1380 potuisse
430 1305 574 1366 videatur
598 1306 634 1366 cf.
658 1305 746 1364 Ovid.
771 1305 851 1365 Fast.
876 1303 926 1365 lll.
954 1307 1032 1365 563:
1057 1312 1120 1366 ter
1142 1308 1244 1367 adasa

121 1407 194 1466 t'od.
219 1425 257 1465 m.
281 1426 318 1466 m.
343 1427 388 1484 pr.
412 1408 490 1468 tibi
515 1408 562 1469 ad.
579 1409 666 1468 Lion.
680 1408 767 1468 Serv.
780 1407 867 1484 Virg.
884 1407 1000 1484 Georg.
1015 1409 1067 1467 lV.
1083 1409 1144 1471 495
1166 1408 1247 1486 psit.
1279 1388 1302 1477 fs*

204 1615 362 1676 Succurrit
386 1616 480 1675 etiam
504 1615 544 1674 de
569 1616 615 1675 lll.
642 1620 671 1686 4,
695 1618 750 1675 lb:

367 1719 500 1777 'lestis
523 1738 652 1782 neam
677 1719 934 1779 centimanus
966 1720 1074 1794 tlyes

370 1820 671 1881 Sententiarum

120 1929 181 1986 tale
206 1925 326 2000 aliquid
350 1924 516 1999 suspicari.
568 1923 655 1994 Quae
685 1926 769 1984 enim
800 1924 922 1985 fastidii
955 1926 1054 2000 plena
1083 1936 1182 2005 atque
1205 1930 1261 1990 'msi-

123 2029 198 2104 pida
222 2045 313 2102 qucan
339 2026 475 2086 maxime
494 2043 567 2086 esse
585 2027 624 2086 de
641 2025 852 2102 Peerlkampii
870 2027 1076 2101 potissimum
1093 2033 1261 2093 auctoritate

121 2130 269 2190 dictitant
294 2146 363 2188 curu
387 2129 444 2187 alii
468 2136 532 2187 tum
549 2129 749 2197 Meinekius‚
773 2128 952 2204 HauptiuS,
981 2132 1143 2193 Lelrrsius
1166 2155 1192 2210 p.
1214 2132 1261 2201 Cll,

122 2232 366 2306 Heynemamrus
390 2231 429 2289 de
453 2229 600 2306 lnterpol.
625 2251 654 2308 p.
670 2232 721 2301 29,
747 2247 785 2291 ea
808 2250 870 2292 nou
894 2232 987 2292 modo
1002 2236 1189 2304 tolerabilia,
1211 2234 1260 2292 sed

122 2334 300 2410 probabilia
327 2333 475 2392 videntur
505 2334 592 2403 lieri,
630 2335 656 2392 si
687 2334 759 2394 uoci
789 2351 960 2395 mearum
1000 2335 1257 2416 interpretationis

120 2440 190 2499 loco
215 2455 233 2496 a
256 2436 395 2496 librariis
425 2436 569 2508 adjectae
599 2436 677 2519 (qua
709 2457 771 2498 non
803 2438 1000 2498 incommode
1034 2460 1117 2501 usus
1142 2448 1187 2502 est
1206 2439 1262 2500 Sar-

118 2542 245 2602 bievius
268 2541 318 2600 lV.
343 2543 360 2600 9
391 2558 420 2615 p.
440 2541 514 2600 159:
551 2543 688 2600 Testis
719 2557 891 2601 mearum
920 2543 1031 2603 vivida
1063 2546 1178 2605 Bencii
1201 2543 1263 2602 Tira·

121 2645 164 2704 lia
196 2640 396 2721 laudum“)
428 2642 577 2702 statueris
608 2645 811 2704 concessisse
835 2661 945 2704 vocem
974 2645 1115 2706 harum
1141 2649 1192 2725 (cl.
1213 2645 1262 2705 Sin.

120 2748 157 2805 lll
182 2763 211 2820 p.
228 2745 304 2828 ot),
330 2743 404 2804 iude
427 2744 631 2805 intercidisse
656 2748 786 2807 verbum
811 2748 880 2807 sit:

328 2848 466 2908 Testis
490 2848 528 2911 slt
550 2849 651 2913 iarun
675 2851 934 2911 centimanus
959 2850 1065 2926 Gyes

244 2964 251 2975 ·
326 2951 639 3013 Sententiarum.

120 3059 159 3117 Ut
183 3057 266 3132 apud
289 3056 435 3116 Ovidium
460 3062 509 3115 est
531 3056 767 3117 rostratas:
803 3056 893 3116 Sint
923 3057 980 3116 tibi
1011 3057 1191 3119 Flaminius
1212 3061 1267 3118 Tra·

121 3162 307 3234 simenaque
331 3161 426 3218 litora
448 3165 584 3217 testes
614 3159 673 3218 Per
698 3161 843 3219 volucres
872 3177 993 3235 aequos
1024 3163 1127 3222 multa
1153 3174 1267 3223 mouere

120 3265 230 3322 deos.“
256 3262 367 3321 lleins.
390 3261 447 3336 Ep.
470 3260 561 3320 XVll.
587 3261 646 3321 tto
671 3264 796 3337 pleb,
828 3263 881 3337 qui
912 3263 996 3321 idem
1027 3264 1169 3325 alterum
1194 3261 1266 3329 litut,

121 3366 205 3440 quod
228 3383 287 3424 usu
310 3363 508 3439 frequentius
530 3363 605 3423 fuit:
630 3364 736 3424 sidera
759 3383 801 3424 su
812 3370 847 3423 ut
873 3346 1034 3423 teste’s“
1069 3372 1119 3425 et:
1152 3364 1266 3428 testis

120 3468 293 3528 lletanruur
317 3469 469 3535 lluaren“‚
501 3466 616 3525 idouea
640 3467 855 3542 exemplorum
881 3467 976 3541 copia
998 3466 1179 3530 illustravit
1202 3472 1266 3530 Fasl.

121 3571 169 3628 lV.
196 3570 256 3629 885
280 3587 309 3644 p.
329 3570 397 3627 302.
443 3566 685 3628 Sententias
712 3575 832 3636 autern,
863 3568 896 3626 id
927 3568 1011 3642 quod
1034 3570 1268 3648 Peerlkampius

119 3689 227 3750 parum
259 3671 422 3747 percepit,
452 3671 592 3747 intelligi
623 3671 772 3731 Horatius
804 3672 869 3731 vult
900 3688 971 3741 eas,
1004 3671 1123 3747 quibus
1146 3676 1213 3751 ipsi
1233 3671 1268 3733 dii

121 3778 247 3852 planum
277 3775 395 3833 iecisse
426 3791 462 3833 ac
494 3776 644 3850 probasse
676 3773 841 3834 videantur
871 3793 889 3835 a
920 3791 955 3834 se
980 3775 1045 3835 rim
1067 3781 1268 3854 temperatam

121 3876 262 3948 adjuvari
287 3883 319 3935 et
343 3877 496 3952 provehi,
528 3877 603 3937 odio
628 3877 737 3938 haberi
762 3885 794 3936 et
818 3878 924 3953 puniri
952 3878 1035 3937 vires
1069 3897 1169 3941 ornae
1192 3879 1268 3940 nefas

121 3980 226 4039 auimo
250 3984 425 4039 moventes.
485 3979 574 4050 Quod
598 3996 710 4039 nomen
736 3997 804 4039 curn
828 3979 1003 4051 injudicio
1026 3986 1094 4040 tum
1120 3984 1152 4042 in
1179 3997 1271 4060 poeua

122 4087 154 4140 et
183 4082 447 4141 condemnatione
478 4082 554 4157 poni
578 4081 796 4156 Wopkensius
827 4083 935 4143 docuit
967 4083 999 4141 iu
1023 4073 1134 4143 Sedal.
1161 4085 1195 4146 V.
1219 4083 1269 4146 aar

121 4203 150 4258 p.
176 4187 237 4245 230
262 4186 298 4243 ci.
324 4184 372 4244 lV.
397 4185 458 4243 ato
484 4203 513 4258 p.
535 4184 592 4242 tat
608 4199 654 4256 sq.
679 4191 709 4241 et
735 4182 765 4242 in
790 4185 908 4245 Pauliu.
931 4186 1090 4246 Petrocor.
1106 4188 1145 4247 V.
1157 4189 1270 4249 Martia.

120 4288 170 4346 lV.
198 4289 256 4346 360
281 4308 310 4362 p.
327 4290 396 4346 892.
455 4285 510 4346 llis
540 4292 644 4345 autem
675 4287 720 4345 ita
743 4287 928 4347 deliberatis
960 4290 1163 4362 supersedeo
1189 4290 1271 4351 etde
