2806 4866
613 294 678 368 lou

105 473 153 532 ati
175 471 346 546 sapias“
371 476 457 529 recte
480 468 545 529 dici
567 477 688 546 pugnet
711 476 764 531 aut
787 472 934 533 inductus
957 474 1039 536 locis
1062 474 1224 538 rruuantii

105 576 180 651 poth.
191 574 248 633 86:
265 573 331 634 Nec
346 590 417 647 cap
428 573 459 631 it
474 572 619 632 humanis
634 574 807 648 angoribus
824 589 945 635 excru
956 574 1091 636 ciari“
1103 573 1225 658 (Gloss.

105 695 147 736 on.
169 695 200 753 p.
216 676 294 736 dra:
324 680 478 751 potest:
512 690 571 734 nec
595 676 681 735 ualet
703 691 776 735 nec
801 675 986 761 vnlt“).et
1008 677 1133 738 Paulini
1155 678 1228 740 Nol.

105 779 117 838 i.
139 779 195 837 22:
231 777 295 837 Sed
323 777 445 845 domini
476 792 600 837 carmen
635 778 731 841 tellus
762 778 870 838 aliena
891 778 1040 839 mareri
1070 777 1139 840 Non
1162 795 1225 841 ca·

105 883 156 940 it“
180 898 217 941 ac
239 880 368 940 Maximi
391 878 497 939 Schol
521 880 554 939 in
576 879 709 955 Dionys.
734 883 849 954 Areop.
874 898 903 956 p.
921 881 997 941 121:
1025 876 1107 943 θεὸν
1128 875 1225 946 auctr

105 984 180 1059 door
209 973 253 1045 οὗ
280 984 491 1063 χωροῦμεν
518 983 580 1043 hoc
603 983 746 1057 proferre
769 981 918 1061 incipiat:
951 988 986 1045 ut
1014 983 1129 1045 melius
1157 983 1225 1061 pali
1304 1043 1306 1048 .

105 1094 236 1162 tpias.“

542 1318 746 1416 lxxxiv,

152 1497 196 1554 Ac
219 1511 260 1553 ne
287 1495 366 1555 illud
389 1494 518 1570 quidem
549 1510 673 1555 carmen
702 1493 929 1555 involvendum
959 1495 1107 1566 sileni-io,
1141 1495 1227 1572 quod

105 1615 130 1655 tn
151 1598 245 1657 modo
262 1598 400 1658 omnium
416 1598 654 1667 disiicillimum,
679 1597 736 1656 scd
758 1603 977 1673 portentorum
999 1597 1085 1658 omni
1106 1612 1226 1674 genere

107 1698 216 1759 fertum
251 1700 375 1760 videtnr
405 1716 478 1759 esse
510 1701 645 1760 Lenrsio
676 1719 706 1776 p.
729 1701 838 1760 XLIX:
873 1699 945 1760 dico
968 1711 1111 1770 carmen,
1140 1699 1225 1775 quod

105 1800 159 1876 tigi
174 1801 284 1871 LXIV,
311 1802 332 1860 l.
359 1803 407 1861 12.
453 1801 556 1862 Ordiri
580 1809 686 1862 autem
710 1802 786 1862 licet
808 1819 828 1862 a
849 1818 946 1863 versu
968 1802 1017 1872 31,
1042 1818 1104 1878 quo
1119 1802 1225 1862 nullus

105 1910 119 1962 t
141 1910 172 1963 et
194 1904 346 1964 librorum
369 1905 587 1979 discrepantia
611 1910 641 1963 et
663 1904 826 1964 doctorum
841 1903 1004 1963 hominum
1021 1891 1226 1969 dissensione

105 2006 319 2067 cmorabilior:

303 2109 348 2169 Et
371 2109 518 2179 minax,
542 2108 584 2170 sle
606 2108 635 2172 dl
659 2109 849 2179 voluere,
872 2113 996 2184 ponto

422 2211 532 2272 Unda
554 2211 754 2272 recumbit

108 2333 123 2373 c
153 2315 236 2374 enim
260 2313 456 2388 scripserunt
484 2313 636 2374 Heinsius
667 2321 699 2374 et
720 2311 884 2384 Bentlejus
914 2312 1035 2388 aliique
1057 2311 1166 2384 multi;
1194 2315 1227 2372 at
1294 2359 1301 2374 .

105 2433 178 2476 trum
207 2433 244 2477 ac
273 2431 455 2492 germanum
485 2432 558 2476 esse
589 2417 665 2477 hoc:
696 2433 777 2476 cum
807 2411 947 2497 (quom)
975 2413 1038 2474 sic
1064 2414 1227 2474 voluera“
1281 2437 1293 2460 ·

105 2524 259 2578 insuerunt
288 2517 468 2578 llleinekins
500 2525 532 2578 et
562 2518 717 2595 Hauptius
741 2518 799 2577 ‘illi
828 2516 958 2593 quidem
988 2514 1152 2577 incautius
1176 2526 1226 2574 sa-

105 2623 160 2681 ruti
191 2625 346 2681 Aaronem
376 2640 404 2696 p.
430 2623 480 2690 45,
505 2621 561 2680 31;
598 2620 658 2691 Qui
688 2620 735 2680 sic
766 2620 908 2680 voluere.
946 2616 1077 2678 Scilicet
1103 2615 1151 2693 dii
1173 2616 1229 2675 vel

105 2725 162 2783 reri
191 2724 326 2782 Ledaea
358 2729 390 2781 et
419 2702 670 2800 Porphyrionem
699 2741 729 2798 p.
755 2723 805 2793 da,
831 2723 886 2784 19:
919 2719 980 2792 Qui
1009 2720 1056 2781 sic
1086 2719 1228 2779 volnera.

105 2843 129 2885 :o
152 2843 235 2884 cum
258 2825 422 2884 voluere.“
457 2825 538 2896 Quid
563 2827 647 2885 enim
671 2845 732 2886 non
757 2825 892 2885 inertius
916 2819 1026 2892 modo,
1051 2820 1227 2882 sedminus

105 2946 197 2997 tirum,
222 2943 312 3001 quam
329 2927 466 3002 principi
480 2927 677 2987 sentcntiae:
702 2942 866 3000 quorum
890 2923 1007 2982 simul
1032 2923 1103 2982 alba
1121 2920 1227 2981 nautis

105 3032 197 3089 2ella
219 3029 416 3088 refulsit“
441 3031 553 3099 verba,
578 3044 659 3104 quae
682 3028 766 3087 idem
784 3027 909 3087 valeant
922 3019 976 3105 (cl.
989 3023 1091 3085 Burm.
1103 3021 1226 3082 Patron.

105 3135 165 3208 lp.
184 3135 278 3205 405),
315 3133 346 3192 in
376 3133 459 3191 hunc
488 3132 614 3192 modum
634 3125 794 3208 subjungi
830 3134 992 3190 extremae
1020 3125 1104 3201 parii
1132 3124 1226 3185 intor-

105 3238 195 3298 ›sita:
225 3236 345 3296 Delluit
368 3235 454 3295 saxis
478 3237 616 3312 agitatus
640 3237 766 3303 humor,
790 3230 959 3292 concidunt
981 3227 1071 3288 venti
1091 3227 1228 3304 fugiunt-

105 3356 134 3398 re
164 3341 265 3399 nubes
295 3337 333 3397 Et
362 3338 484 3406 minax,
516 3355 597 3396 cum
626 3340 685 3397 sic
713 3337 904 3402 voluere,
936 3336 1034 3408 ponto
1063 3328 1153 3390 Unda
1181 3344 1228 3388 ra-

105 3437 243 3501 unbil‘l“
289 3441 352 3500 Sed
377 3456 416 3499 na
441 3441 542 3516 ipsius
566 3435 864 3515 Porphyrionis
889 3432 1017 3510 quidem
1038 3432 1230 3493 senientiam

105 3546 220 3605 ›mines
244 3543 422 3603 doctissimi
447 3544 594 3602 videntur
616 3550 702 3602 recte
727 3540 863 3616 cepisse.
915 3536 990 3596 Inde
1014 3535 1115 3606 enim,
1145 3532 1230 3611 quod

128 3647 273 3707 Parisino
298 3646 410 3705 codice
441 3646 617 3705 invenitur:
655 3643 748 3719 quia
778 3642 948 3701 volvere
978 3654 1035 3713 pro
1065 3635 1250 3715 convolg

105 3765 190 3818 cre,
215 3748 247 3807 in
263 3748 418 3807 Berncnsi
439 3755 471 3806 et
493 3747 637 3807 editione
654 3747 809 3806 Romanas
832 3742 936 3820 quod
958 3742 1043 3801 volo.
1067 3754 1124 3815 pro
1138 3750 1230 3797 con·

105 3854 260 3919 oluere,
290 3849 320 3908 in
352 3850 535 3911 lllonacensi
573 3858 678 3910 autem
708 3855 738 3907 et
768 3847 1063 3924 Guelphcrbytano:
1098 3839 1262 3899 voluere‘

105 3961 234 4021 tntum,
259 3970 321 4012 non
345 3952 441 4012 dubie
465 3952 656 4029 intelligitur
679 3953 740 4012 hoc
759 3950 966 4027 praecepisse
980 3940 1230 4019 grammaticum:

105 4059 205 4116 arbum
231 4056 410 4114 ¹uolnere
446 4057 498 4115 hic
529 4057 632 4127 cerni,
671 4074 733 4116 non
768 4054 879 4111 velle
916 4044 967 4128 (cf.
992 4045 1113 4104 Claver.
1141 4042 1229 4102 Clau-

105 4177 158 4220 an.
182 4160 216 4218 R.
240 4158 325 4218 Pros.
348 4158 423 4218 llll
459 4179 487 4235 p.
512 4159 588 4242 ota)
625 4160 774 4231 idemque
809 4156 845 4213 ab
880 4148 1012 4211 Horatio
1046 4146 1115 4206 his:
1148 4143 1232 4204 unda

105 4264 227 4333 inan,
257 4262 365 4341 quod
388 4265 448 4325 sic
470 4263 641 4346 voluere
666 4264 856 4338 pontu1u“
880 4252 944 4313 dici
968 4257 1080 4325 atque,
1113 4253 1148 4310 ut
1170 4245 1233 4311 hoc
