2806 4866
143 102 263 163 similia
292 109 399 164 extant
427 118 497 164 cum
525 104 639 174 multa,
678 119 759 179 quac
794 110 867 166 snut
900 103 984 181 apud
1013 102 1183 165 Heinsium
1213 100 1306 164 ovid.

145 207 212 267 Am.
227 205 263 266 ll.
283 207 332 276 19,
352 207 391 268 aa
415 224 445 282 p.
462 205 537 267 laa-
569 207 709 269 Cortium
731 207 975 269 Lucan.ll.31tt
1006 224 1036 284 p.
1054 205 1127 267 242.
1159 206 1305 268 Drakan-

144 308 309 369 borchinm
332 309 398 370 Liv.
413 309 463 370 IX.
483 310 532 380 1⁰,
554 311 572 372 'l
602 327 635 388 p.
654 310 723 390 ΘἼ.Ι
750 309 1008 386 Oudendorpium
1034 308 1131 385 Apul.
1153 305 1231 368 Mat.
1253 308 1303 369 lll.

144 429 173 486 p.
188 411 264 482 tat,
286 418 352 472 tum
375 410 432 474 illa
452 411 551 489 Epod.
565 411 616 472 Vl.
631 413 665 472 3:
689 411 789 484 Quin
812 414 878 473 lruo
897 413 1026 483 inanes,
1050 411 1081 471 si
1095 416 1212 486 potes,
1234 426 1304 471 ver·
1348 424 1353 433 ·

144 513 187 574 tis
210 510 366 574 minas‘l“
390 521 422 574 et
446 513 518 574 Seu.
541 514 713 576 liencllur.
728 516 824 578 1216:
851 513 955 587 Quin
977 548 1019 561 —
1042 513 1164 575 cruore
1187 530 1304 590 corpus

144 615 243 694 impio
267 634 410 694 sparsum
432 614 591 679 cremo?“

229 1131 417 1194 Perventum
450 1139 498 1192 est
527 1132 567 1193 ad
589 1132 707 1193 calcem
730 1131 968 1208 praestitutam:
1001 1148 1073 1192 narn
1096 1138 1129 1191 et
1152 1131 1306 1209 impetum

121 1235 373 1298 ,commentaria
396 1234 482 1306 ejus,
506 1235 561 1310 qui
584 1235 766 1310 nuperrime
787 1234 912 1295 Horatii
936 1240 1042 1294 sector
1066 1234 1189 1305 verius,
1214 1250 1306 1310 qnam

146 1339 247 1400 lector
278 1338 400 1409 extitit,
435 1338 550 1398 cursim
566 1337 792 1412 percensendi
823 1336 894 1413 ipso
924 1336 1074 1397 feriarum
1104 1336 1306 1398 l’asclralium

147 1441 235 1502 exitu
264 1441 394 1502 fractum
430 1442 518 1518 piget
547 1456 708 1501 resumere
745 1447 778 1500 et
808 1440 887 1500 satis
922 1445 970 1499 est
1000 1440 1060 1499 hac
1089 1439 1306 1516 qualicunque

146 1543 473 1605 emendationum
496 1545 686 1605 centuria
709 1544 801 1619 qnasi
825 1542 959 1618 quadam
981 1541 1176 1603 velitatione
1199 1543 1305 1603 sinon

146 1646 330 1723 apernisse,
367 1654 398 1708 st
431 1654 626 1708 monstrasse
662 1653 766 1707 mmen
803 1645 887 1706 viam
921 1646 1075 1706 adversus
1110 1651 1159 1706 tot
1194 1645 1386 1707 doctos=

147 1745 272 1833 (omnes
287 1757 391 1810 autem
406 1751 569 1811 nominare
584 1747 687 1833 nolui)
703 1749 927 1819 contendendi,
937 1734 998 1824 'qui
1012 1746 1184 1821 aBeutleji
1200 1764 1388 1810 exam—

147 1852 201 1928 plo
225 1851 433 1913 saluberrimo
457 1870 519 1913 non
543 1852 659 1931 gradu,
690 1852 747 1913 sed
777 1851 951 1930 praecipiti
983 1868 1076 1911 cursn
1099 1851 1392 1912 desciverun-

146 1955 351 2031 mirabilique
368 1972 525 2018 consensu
547 1957 586 2017 ad
607 1970 718 2017 eornm
733 1962 839 2032 partes
855 1971 891 2015 se
904 1954 1116 2031 applicarunt,
1141 1955 1197 2028 qni
1224 1970 1391 2030 qua&

148 2057 212 2134 ipsi
250 2059 403 2135 expedire
438 2066 491 2119 aut
528 2060 695 2136 explorare
734 2059 922 2135 nequirent,
960 2071 1000 2118 ea
1028 2056 1161 2118 lloratio
1197 2063 1393 2132 crepa-n

147 2164 368 2235 cornmenticio
392 2163 517 2224 cuidam
532 2162 844 2237 imperitissimornm
858 2162 1120 2239 interpolatorum
1140 2161 1208 2236 (sic
1223 2161 1390 2222 eninm

148 2263 276 2346 vocant)
299 2266 411 2340 generi
434 2266 689 2325 transcriberent.
723 2264 915 2327 Faciendum
938 2262 1108 2335 animiam
1130 2271 1199 2335 est,
1224 2260 1389 2340 quo-l

149 2369 180 2424 et
203 2379 262 2441 per
284 2381 320 2425 se
344 2364 519 2427 modestius
542 2383 578 2426 ac
596 2367 797 2427 reverentius
816 2374 866 2428 est
883 2373 915 2427 et
928 2369 1004 2429 huic
1017 2366 1157 2443 tempori
1171 2367 1388 2428 maxim-»e

77 2478 79 2483 “
149 2468 311 2545 congmit,
340 2485 403 2544 quo
432 2476 576 2547 tempore
604 2469 695 2529 multi
717 2471 935 2551 reperiuntur,
964 2471 1020 2546 qui
1043 2470 1076 2530 in
1099 2468 1388 2532 aestimandi-..s

148 2578 291 2632 veterum
320 2571 532 2634 monumentis
561 2572 681 2633 versati
710 2554 773 2634 non
791 2562 998 2650 'perspiciant
1028 2586 1129 2648 saepe
1151 2569 1187 2632 id
1208 2577 1386 2633 taint-Al

148 2675 237 2744 tolli,
261 2674 351 2746 cujus
375 2676 529 2751 quaedam
551 2682 667 2751 partes.
682 2682 902 2753 excerpantur.
947 2674 1014 2736 lloc
1036 2675 1126 2735 dico:
1150 2689 1237 2750 qnae
1255 2675 1384 2734 in·-

148 2773 311 2837 moderata
332 2778 598 2854 praescriptarum
628 2770 854 2840 auctoritatum
872 2777 1010 2838 studium
1033 2779 1191 2852 favorque
1212 2783 1291 2852 atqu
1368 2780 1384 2822 θ

150 2877 275 2940 arbitrii
304 2878 450 2951 licentia,
482 2899 543 2942 non
574 2883 752 2943 necessitas
775 2882 906 2951 fecerit,
940 2880 981 2941 iis
1001 2880 1066 2953 jam
1091 2879 1223 2941 landem
1244 2887 1381 2942 mvn·

150 2977 223 3040 dnm
247 2981 471 3059 imponendum
499 3000 572 3050 csse
592 2985 743 3060 omnique
764 3000 827 3059 ope
851 2983 1096 3059 experiendum,
1120 2982 1149 3042 si
1169 2966 1380 3069 liiidinffil

149 3089 316 3158 postquam
346 3105 440 3147 unum
475 3103 601 3148 versum
638 3087 828 3148 abolendum
863 3085 1027 3158 Bentlejus
1066 3085 1193 3148 censuit
1230 3070 1378 3168 (iffi

149 3186 304 3275 XXXVI),
340 3196 401 3250 tam
430 3192 526 3271 longe
558 3199 589 3252 et
619 3194 700 3262 late,
738 3192 895 3255 interdum
929 3191 1087 3270 neglectis
1122 3190 1292 3267 perspicui
1364 3190 1376 3232 ⁵

151 3297 292 3352 veterum
316 3291 504 3368 scriptorum
525 3293 720 3355 testimoniis
743 3292 807 3374 (Vl.
832 3293 873 3360 lX
888 3312 918 3370 p.
935 3295 982 3354 18.
1006 3291 1108 3354 LVlll.
1130 3289 1372 3375 LXXXlst

30 3395 32 3401 ’
148 3402 320 3473 evagatae,
342 3400 377 3453 ut
399 3410 457 3471 per
480 3411 603 3466 eorunm,
628 3397 683 3472 qni
702 3396 915 3471 Peerlkampii
939 3403 971 3457 et
996 3397 1162 3457 doctrinae
1185 3390 1368 3456 subtili·

148 3489 214 3558 tate
238 3504 269 3557 et
290 3496 403 3569 judicii
435 3497 597 3576 elegantia
625 3501 721 3578 longe
751 3499 929 3574 superioris
959 3499 1191 3583 auctoritatem
1216 3507 1359 3574 prae·

148 3600 295 3672 tendunt,
327 3600 423 3663 devia
451 3600 580 3678 incepta
606 3601 668 3673 jam
699 3602 874 3679 periculum
897 3602 955 3672 sit,
985 3605 1169 3676 napoetae
1192 3600 1226 3661 in
1249 3603 1351 3660 su&

144 3719 270 3783 ,genere
299 3705 470 3782 singularis
507 3705 646 3765 carmina
679 3704 900 3780 discerpantur
930 3709 961 3764 et
989 3703 1171 3765 lacerentur·
1203 3704 1341 3778 prope

150 3807 271 3875 omnia,
295 3806 342 3866 sio
366 3822 441 3866 vere
463 3807 568 3881 possit
591 3805 717 3878 obviam
741 3805 800 3874 iri,
824 3806 853 3865 si
877 3812 984 3867 rectae
1004 3805 1171 3884 doctrinae
1186 3803 1326 3871 studio*

149 3907 295 3967 sissimus
319 3907 455 3983 urnisque
486 3909 639 3968 acerrima
669 3914 797 3967 veteres
828 3907 1000 3984 scriptores
1023 3907 1155 3986 legendi
1178 3922 1250 3968 cum
1272 3901 1315 3960 et
