2806 4866
645 330 692 399 28

92 513 122 564 et
147 522 255 565 conme
284 505 461 565 deciderint
495 512 527 564 et
558 503 645 562 color
676 519 853 580 purpureus
887 505 918 562 in
948 503 1065 562 faciem
1094 502 1251 577 hispidam

91 608 232 667 verterit.
278 609 354 667 Turn
378 608 505 682 quidem
527 606 630 666 dices:
656 608 736 675 lieu,
762 622 842 681 quae
868 621 954 665 inens
979 610 1028 664 est
1053 604 1182 672 hodie,
1208 623 1251 663 cur

92 710 202 769 eadern
227 728 288 770 non
312 726 412 786 puero
435 706 518 770 tuit?

136 844 367 905 Ocrudelis
391 844 522 905 adhuc
546 853 584 903 et
609 843 778 904 Veneris
802 844 1035 902 muneribus
1063 849 1234 918 potens,

135 946 349 1023 Insperata
370 954 463 1007 tuae
486 967 570 1027 quern
593 946 773 1009 Inveniet
796 945 896 1007 bruma
920 943 1173 1020 superbiae!

132 1051 174 1110 Et
190 1064 291 1124 quae
307 1068 407 1110 nunc
424 1050 600 1111 humeris
617 1048 1096 1111 involitantdeciderint
1115 1065 1248 1109 comae

134 1152 237 1211 Nunc
259 1159 299 1211 et
323 1153 390 1227 qui
415 1155 527 1214 color
551 1162 612 1213 est
636 1155 837 1230 puniceae
860 1152 966 1211 flore
987 1153 1107 1227 prior
1133 1169 1248 1212 rosae

134 1255 326 1324 Mutatus,
350 1256 565 1333 Ligurine,
591 1257 628 1317 in
652 1256 798 1317 Iaciern
822 1255 1004 1313 verterit
1029 1253 1248 1330 hispidam.

90 1392 187 1461 Quam
217 1393 379 1468 praeclare
410 1395 493 1453 eninr
524 1394 640 1453 hiemis
676 1393 831 1453 mentioni
868 1394 1077 1453 subnectatur
1118 1399 1248 1452 mutatus

90 1496 179 1555 coIor
209 1503 239 1554 et
269 1512 359 1556 corna
390 1498 524 1566 caduca,
554 1496 743 1557 Graecorum
772 1503 936 1572 poetarum
966 1496 1121 1569 exempla
1155 1496 1248 1554 decia-

91 1606 177 1667 runt,
202 1614 283 1672 quae
306 1598 483 1671 Bentlejum
514 1599 595 1676 fugit
619 1599 736 1659 addere
759 1599 865 1659 Ovidii
896 1599 986 1665 Ioco,
1017 1596 1060 1655 de
1086 1615 1153 1672 quo
1179 1599 1249 1658 dinit

89 1699 275 1760 Dresernius
300 1701 362 1760 Ios.
387 1701 444 1762 Iso.
470 1701 520 1760 III.
546 1703 604 1761 341
639 1720 668 1777 p.
694 1702 752 1770 14,
782 1701 837 1775 Ep.
860 1700 896 1757 V.
923 1702 980 1760 at:
1012 1699 1164 1760 Pessima
1194 1718 1248 1758 mu-

90 1805 147 1864 tati
173 1805 281 1880 coepit
313 1807 430 1866 umoris
453 1807 622 1875 hiems“,
652 1805 740 1865 Pauli
764 1804 875 1864 Sileni.
898 1802 1003 1878 Epigr.
1030 1803 1068 1860 8:
1105 1799 1175 1865 Σόν
1196 1799 1248 1883 γὰρ

88 1905 135 1970 ἔτι
151 1905 367 1991 φθινόπωρον
380 1903 552 1995 ὑπέρτερον
567 1907 676 1989 εἴαρος
687 1904 796 1983 ἄλλος·
822 1907 857 1966 Χ
864 1914 901 1968 εἴ
903 1930 955 1986 μα
978 1927 1000 1967 σ
1010 1906 1027 1966 ὁ
1038 1929 1057 1965 ν
1081 1899 1249 1988 ἀλλοτρίου

90 2011 291 2100 θερμότερον
304 2015 420 2095 θέρεος
434 2015 471 2073 ci.
487 2016 589 2074 Olear.
615 2021 646 2071 et
659 2014 761 2071 Boiss.
777 2012 924 2069 Philostr.
947 2009 1003 2084 Ep.
1015 2009 1058 2068 tu
1085 2030 1115 2085 p.
1133 2011 1190 2071 190
1204 2027 1246 2083 sq.

89 2125 121 2176 ct
144 2118 324 2176 Macedonii
346 2118 440 2174 Anth.
464 2116 527 2172 Pal.
552 2113 600 2169 XI.
626 2113 696 2177 374,
721 2113 755 2168 t:
793 2105 835 2182 ὡς
866 2114 901 2173 δὲ
924 2105 1024 2195 ῥόδον
1049 2115 1242 2185 &attacum

88 2214 120 2278 ἐν
150 2214 251 2297 εἴαρι·
281 2218 336 2277 νῦν
364 2207 397 2275 δ’
428 2209 612 2293 ἐμαραίνθης
641 2211 671 2269 Γ
677 2235 693 2285 η
705 2234 803 2292 ραος
839 2209 1031 2301 αὐχμηρῷ
1056 2217 1233 2299 ⁴xnrppopc'un

88 2321 207 2398 θερεϊ
229 2320 266 2376 cI.
291 2316 402 2376 Biomt.
428 2314 544 2374 Aesch·
573 2314 630 2388 Ag.
655 2316 694 2375 to
720 2334 748 2391 p.
768 2318 836 2379 tro.
871 2318 975 2378 Boiss.
1001 2322 1157 2381 Aristacn.
1183 2320 1240 2395 Xp.

88 2420 163 2481 II.1
198 2420 316 2498 pota.
347 2417 420 2476 Hor.
445 2415 544 2474 earm.
569 2416 590 2474 I.
614 2418 664 2488 28,
691 2422 738 2481 19.
766 2421 910 2481 Sarbiev.
935 2423 969 2480 II.
996 2424 1014 2482 2
1048 2444 1080 2501 p.
1097 2425 1154 2484 ta:
1189 2425 1244 2483 tibi

90 2543 159 2585 cum
187 2525 320 2584 nivosae
343 2521 486 2577 Bruma
510 2528 660 2580 senectae
691 2523 722 2582 In
749 2531 841 2599 caput
864 2526 946 2584 seris
970 2527 1094 2587 cecidit
1117 2527 1244 2605 pruinis,

86 2627 222 2690 Decidat
246 2629 439 2695 nurnqnam“
465 2622 979 2708 11111110111111111111811111ἕσπερος
1003 2627 1074 2692 ἔστι
1098 2633 1246 2711 γυναικῶν

88 2731 193 2808 Γῆρας
213 2729 309 2787 Duru.
334 2723 451 2782 ebant.
476 2743 508 2800 p.
523 2725 583 2784 296
614 2728 651 2785 cI.
675 2728 743 2787 Ast.
766 2729 842 2788 Ptat.
865 2733 962 2807 chg.
987 2732 1040 2792 VI.
1067 2737 1104 2795 14
1137 2755 1169 2812 p.
1184 2738 1245 2796 311.

86 2833 125 2892 111
150 2830 254 2891 nullus
279 2825 474 2900 relinquatur
505 2828 593 2888 Iocus
625 2831 655 2889 ei
679 2832 887 2903 dubitationi,
921 2851 1014 2907 qnmn
1038 2841 1153 2899 attulit
1176 2842 1244 2901 ItIar·

87 2933 223 2996 klandus
245 2932 265 2990 l.
289 2930 317 2989 d.
372 2929 420 2990 De
444 2931 517 2990 vitii
547 2939 651 2991 autem
677 2935 802 3010 origine
833 2954 1017 3012 comparare
1050 2945 1241 3004 commodum

89 3044 137 3098 est
175 3043 205 3095 et
235 3049 361 3092 versum
393 3036 493 3096 Carm.
517 3035 566 3093 111.
599 3039 648 3105 21,
673 3039 729 3096 71:
768 3041 826 3098 tibi
858 3041 1015 3100 invisus¹
1054 3043 1240 3107 Vanderb.t

85 3159 126 3199 m.
150 3158 192 3215 pr.
217 3137 318 3196 visus
347 3144 377 3195 et
402 3140 451 3205 75,
483 3137 523 3196 de
553 3156 615 3213 quo
652 3140 732 3199 infra
755 3141 877 3201 XXXIV
907 3143 1046 3203 dicetur:
1080 3149 1239 3211 fortunari

86 3246 135 3304 in.
159 3240 248 3302 codd.
272 3240 444 3300 fortunam.
468 3248 551 3310 tna,
577 3248 607 3300 et
631 3258 724 3317 quem
748 3244 842 3304 modo
857 3246 909 3305 XII
934 3245 1206 3323 disceptavimus,
1224 3251 1237 3308 l.

87 3349 116 3417 4,
140 3350 175 3406 t:
200 3347 285 3405 duni
309 3346 347 3406 in
371 3362 484 3423 graves
509 3354 540 3404 ct
564 3363 645 3422 quae
671 3351 767 3407 verba
791 3349 1050 3427 succingendo
1074 3351 1113 3435 (I.
1142 3358 1192 3427 11,
1213 3354 1236 3436 6)

87 3466 175 3511 esse:
200 3450 423 3524 Tyrrhenum,
449 3448 599 3524 incipias
609 3460 627 3484 ‘⁴
650 3451 799 3509 LXXXIII
820 3452 1014 3512 docebimus.
1052 3457 1152 3519 Alios
1169 3459 1236 3532 ejus·

85 3555 155 3614 dern
180 3552 265 3612 modi
289 3554 378 3611 Iocos
403 3552 622 3628 congessimus
647 3553 785 3624 conjeci.
811 3555 887 3614 Stat.
913 3556 991 3615 XIII.
1016 3577 1046 3633 p.
1063 3561 1143 3620 209.

614 3791 711 3887 XIV.

172 3999 312 4058 Nondum
336 3999 532 4058 absolvimus
556 4000 596 4058 de
619 4000 757 4059 carmine
781 4001 802 4058 I.
826 4003 875 4071 25,
899 4005 984 4079 quod
1007 4025 1104 4083 supra
1129 4012 1172 4071 ΙΙΙ
1193 4011 1234 4071 nb

83 4101 236 4161 tInuimus
267 4101 335 4160 fere
359 4103 419 4161 lroc
443 4102 600 4161 contineri
625 4103 853 4165 sententiarum
876 4108 1001 4167 ordine:
1040 4111 1181 4175 Primum
1202 4114 1234 4173 Ia·

14 4256 32 4287 ᾖ
83 4202 157 4262 cilis
181 4204 288 4273 suisti,
312 4212 345 4262 ut
368 4205 498 4263 inultum
522 4211 645 4280 pateret
667 4205 761 4276 janua
785 4204 828 4286 (v.
845 4208 894 4289 5)3
919 4229 992 4270 mox
1015 4213 1142 4276 fastosa
1165 4219 1235 4278 Iacta

14 4294 138 4568 ska:
163 4306 237 4366 inde
259 4307 319 4378 jain
345 4326 458 4383 parcus
482 4310 585 4368 noctis
610 4311 743 4370 ambitus
769 4317 799 4369 et
823 4313 885 4371 rari
909 4319 1034 4372 cantius:
1059 4317 1141 4389 erit,
1167 4315 1233 4380 mihi
