2806 4866
616 277 661 347 211

50 457 173 525 crede,
204 461 349 529 tempus,
374 469 435 526 quo
460 451 597 510 invicem
621 451 772 510 moechos
797 469 874 512 auus
899 454 1006 512 lleas.“
1037 453 1153 512 Verum
1176 453 1216 512 de

49 579 95 620 eo
123 560 196 635 ipso
222 573 318 615 versu
341 551 429 636 (11),
465 555 520 629 qui
544 553 584 613 de
608 571 670 614 anu
693 561 742 613 est
767 555 866 614 lastus
890 558 1046 630 superbos
1071 573 1217 630 passura:

232 661 411 721 Invicem
434 659 625 718 moechos
649 677 748 719 anus
771 667 1017 736 arrogantes

230 762 373 824 Flebis
398 762 435 820 iu
459 762 550 821 solo
575 763 689 821 levis
715 763 930 839 angiportu

231 864 402 924 'lbracio
426 863 651 928 bacchante
677 864 766 945 mugla
790 867 863 924 suh
888 865 996 924 inter
1019 900 1060 908 —

319 966 432 1025 lunia
457 972 581 1024 vento
1083 1026 1088 1035 ,

52 1087 152 1131 nemo
183 1069 286 1129 adhuc
316 1068 515 1144 exprompsit
545 1068 627 1142 quod
661 1066 814 1142 liqueret:
844 1070 907 1130 nisi
940 1070 1011 1146 quis
1035 1073 1073 1132 ab
1098 1089 1137 1133 eo
1161 1075 1217 1133 ali-

53 1173 145 1248 quid,
165 1171 283 1231 dictum
314 1177 404 1248 putet
436 1186 524 1239 esse,
566 1171 620 1245 qui
649 1171 797 1230 bacchari
828 1172 954 1248 magis
984 1190 1085 1250 nuper
1116 1179 1218 1237 voluit.

57 1291 135 1334 esse
158 1272 305 1333 bacchari
335 1273 644 1341 vehementius,
674 1279 726 1331 aut
759 1274 953 1335 satisfactum
987 1277 1217 1353 interpretandi

58 1378 194 1453 negotio
217 1378 255 1436 ab
277 1375 393 1435 Wolfio
416 1376 525 1435 Liban.
548 1375 649 1450 Epist.
676 1375 755 1434 1242
786 1395 815 1453 p.
840 1379 900 1438 589
933 1385 964 1437 et
988 1379 1112 1440 Klotzio
1136 1383 1220 1458 Tyrt.

59 1500 92 1556 p.
121 1483 174 1540 111
213 1477 264 1561 (cl.
288 1480 396 1540 Barth.
427 1479 503 1538 Stat.
530 1480 627 1538 Theb.
650 1478 699 1536 lV.
732 1478 791 1538 422
823 1482 959 1554 ptctt.
997 1483 1098 1542 Burm.
1123 1486 1216 1544 Anth.

56 1587 125 1643 Lat.
151 1583 185 1643 V.
211 1584 250 1642 111
275 1602 304 1658 p.
322 1580 416 1663 331),
452 1583 507 1656 qni
530 1583 591 1641 hoc
615 1582 685 1640 loco
712 1581 847 1641 iudicari
879 1585 1059 1652 „Thracios
1083 1587 1217 1647 insultus

53 1685 392 1745 vehementissimos“
429 1684 620 1753 docuerunt,
650 1684 700 1742 vel
726 1701 744 1743 a
767 1686 929 1756 'l'urnebo,
960 1688 1015 1762 qui
1046 1690 1217 1758 „homiues

54 1788 253 1848 libidinosos
283 1803 339 1862 per
369 1788 646 1846 iuterrnenstruum
676 1788 696 1846 i.
721 1803 748 1845 e.
788 1803 844 1862 per
874 1796 1001 1848 ventum
1033 1797 1065 1849 et
1095 1798 1216 1866 tempe-

57 1897 179 1950 statem
210 1889 378 1960 iucundius
416 1889 576 1949 amoribus
611 1889 760 1963 perfrui“
799 1896 903 1947 narrat
933 1890 1012 1950 Adv.
1040 1892 1146 1951 xxvt.
1178 1895 1216 1953 311

59 2011 93 2067 p.
122 1993 183 2053 915
208 2009 255 2066 sq.
293 1991 329 2051 cf.
351 1990 497 2052 Schneid.
528 1992 687 2066 Theophr.
711 1991 742 2047 l'.
768 1990 802 2047 V.
834 2008 863 2066 p.
885 1993 954 2052 518.
1009 1992 1129 2063 Quibus
1161 1995 1217 2056 ali-

63 2101 183 2170 quanto
214 2095 284 2170 plus
314 2093 393 2153 vidit
414 2094 577 2155 Usencrus
600 2095 678 2154 Mus.
702 2093 800 2153 Rhen.
824 2093 921 2154 XXIV
951 2116 980 2172 p.
1006 2098 1066 2157 att
1095 2100 1156 2159 hoc
1179 2100 1218 2160 ab

56 2198 193 2258 Horatio
217 2198 369 2273 scriptum
392 2198 493 2257 luisse
518 2199 702 2258 arbitratus:
727 2197 859 2257 'llnacio
876 2201 1047 2260 bacchante
1071 2219 1218 2279 vagans

56 2303 118 2361 sub
152 2301 324 2360 interlunia
362 2307 489 2361 vento.“
547 2299 637 2370 Quod
674 2300 835 2360 inuentum
871 2303 1039 2376 quominus
1068 2306 1220 2380 probetur

56 2405 214 2478 prohibet
242 2405 294 2463 uel
325 2406 445 2464 mentio
476 2404 673 2480 angiportus.
735 2402 865 2463 Videtur
898 2410 1003 2464 autern
1038 2406 1218 2466 sententiae

58 2507 278 2583 perspicuitas
302 2507 347 2567 ita
370 2507 493 2567 demum
517 2507 625 2576 reddi,
649 2506 677 2565 si
701 2506 830 2566 tollatur
854 2506 937 2582 quod
962 2508 1072 2568 vitium
1089 2511 1218 2585 penitus

59 2610 184 2670 insedit
213 2625 318 2669 eorum
350 2609 501 2680 levitate,
539 2610 594 2685 qui
631 2611 753 2670 litteras
782 2618 911 2670 manes
948 2611 978 2671 in
1009 2615 1135 2689 magis
1165 2609 1217 2695 (f.

54 2713 216 2774 Schwarz.
241 2712 318 2772 Plin.
342 2713 412 2772 Pan.
440 2713 525 2781 tta
550 2731 578 2788 p.
596 2711 673 2797 216)
696 2720 933 2773 converterunt:

231 2815 369 2876 Flebis
394 2816 431 2875 in
456 2818 545 2876 solo
570 2817 676 2875 levis
701 2817 923 2892 angiportu

233 2919 406 2979 Thracio
430 2920 654 2980 bacchante
677 2939 797 2982 uadens
821 2921 889 2979 sub
914 2919 1080 2978 inter-

427 3024 543 3083 lunia
565 3028 697 3083 vento.

57 3123 101 3181 Ut
125 3123 207 3183 levis
231 3143 309 3186 anus
333 3126 455 3186 dicatur
478 3128 511 3187 iu
534 3128 703 3203 angiportu
727 3121 853 3206 (Catull.
880 3126 929 3194 58,
954 3122 987 3208 t)
1019 3125 1070 3183 vel
1095 3124 1218 3184 furente

55 3217 165 3287 Borea
199 3245 330 3288 manens
367 3226 418 3311 (cl.
449 3231 553 3291 Afran.
590 3249 639 3306 ap.
669 3230 745 3289 Non.
770 3229 818 3287 111.
852 3230 926 3288 104:
971 3234 1143 3289 ventoso
1181 3231 1219 3288 in

56 3330 205 3413 loco“).
251 3330 334 3401 Quid
348 3333 432 3391 enim
447 3335 488 3392 sit
512 3348 690 3401 manere,
715 3332 854 3391 declarat
869 3332 941 3406 ipse
954 3331 1104 3392 horatius
1122 3333 1219 3411 darm.

58 3434 81 3490 1.
109 3433 137 3502 1,
162 3435 219 3493 25:
243 3441 375 3494 manet
399 3438 456 3496 sub
479 3438 557 3496 Jove
574 3435 690 3512 frigido
709 3435 880 3494 Venator.“
926 3433 1033 3494 Heins.
1051 3435 1139 3495 Ovid.
1154 3439 1219 3496 Art.
1245 3478 1247 3483 >

58 3538 96 3596 A.
121 3533 157 3594 ll.
184 3536 245 3596 238
277 3556 305 3612 p.
324 3538 385 3598 615
417 3546 449 3598 et
477 3539 545 3599 Val.
570 3539 667 3598 Flacc.
692 3537 726 3597 ll.
762 3536 821 3596 138
852 3555 881 3611 p.
901 3537 969 3595 161.
1024 3537 1115 3598 Gron.
1147 3537 1219 3598 Seu.

16 3646 18 3650 '
56 3639 169 3698 Benef.
194 3638 242 3697 Ill.
271 3641 306 3699 tr
338 3660 367 3717 p.
390 3643 447 3702 156
479 3642 516 3700 cf.
541 3641 638 3701 Scriv.
662 3638 797 3700 Martial.
824 3639 871 3698 111.
896 3639 936 3698 18
969 3658 997 3715 p.
1014 3643 1062 3701 93.
1114 3642 1218 3700 Barth.

56 3741 136 3800 Stat.
162 3741 259 3800 Theb.
274 3744 309 3802 11.
336 3746 395 3804 593
421 3762 449 3820 p.
466 3746 534 3804 558.
579 3744 694 3803 Verum
718 3746 799 3804 haec
823 3749 854 3801 et
878 3743 956 3802 talia
978 3745 1107 3803 nomina
1130 3759 1220 3802 aner-

57 3844 121 3903 sati
148 3845 275 3919 quidam
304 3849 424 3906 malent
453 3847 575 3906 laudari
599 3852 770 3906 nostratem
798 3845 866 3917 ejus
889 3846 1026 3906 fabellae
1050 3851 1220 3914 auctorem,

58 3964 143 4022 quae
165 3949 274 4009 Puella
297 3951 337 4009 de
361 3952 459 4012 Ponte
484 3952 572 4011 Novo
598 3950 788 4011 inscribitur.

148 4051 238 4120 Quod
263 4060 426 4128 superest:
463 4055 614 4114 Lehrsius
645 4072 673 4129 p.
697 4054 757 4114 LV.
789 4073 818 4129 p.
843 4055 882 4114 29
917 4053 956 4111 de
985 4065 1064 4110 voce
1095 4049 1223 4126 inagis

57 4153 141 4214 nihil
166 4154 517 4227 dubitationisinjecit.
556 4156 616 4215 Sed
649 4176 676 4216 v.
703 4161 737 4226 5,
770 4174 831 4231 quo
862 4157 961 4215 lastus
991 4152 1119 4228 puellae
1143 4153 1223 4213 indi-

57 4263 198 4327 caretur,
217 4260 364 4334 scripsit:
389 4276 471 4332 quae
490 4261 578 4334 prius
603 4261 712 4317 nulli
737 4259 855 4317 tacitis
879 4258 1045 4315 movebas
1063 4255 1219 4328 cardincs‘
