2806 4866
652 352 743 422 181

137 543 174 590 11
205 527 380 604 quaerendi
419 525 545 597 labore,
581 543 675 602 quern
712 545 793 588 nunc
828 525 959 588 fastidio
995 529 1114 590 habere-
1144 529 1292 606 plerique

138 637 309 708 coeperunt
342 630 394 712 (cl.
422 627 500 690 LXll
527 645 574 704 sq.
616 629 666 690 XL
694 647 761 706 sqq.
799 629 860 691 LV.
899 630 1028 691 LXXlll.
1062 631 1199 692 LXXXII
1221 648 1293 708 sqq.

138 733 283 795 LXXXVI
302 751 332 810 p.
351 734 418 794 111.
442 731 620 792 LXXXVIII
633 748 679 808 sq.
708 732 848 817 XXXV),
872 732 1018 794 ostendat
1040 740 1135 809 atque
1157 734 1292 795 edoceat

139 835 296 897 insedisse
330 835 361 895 in
390 833 514 895 Horatii
544 836 735 897 carminibus
765 836 846 898 villa
873 842 905 897 et
935 836 1100 896 doctorum
1129 837 1291 898 hominum

139 939 289 1016 opinione
312 938 408 1015 longe
432 938 524 1014 plura
546 943 578 997 et
599 936 828 1016 Porphyrionis
858 938 1077 1014 Priscianique
1107 945 1140 999 et
1162 938 1190 998 si
1213 955 1291 1014 quo·

140 1056 200 1102 mru
223 1038 361 1100 similem
384 1054 513 1116 operam
537 1039 701 1110 norimus,
724 1047 830 1101 aetate
851 1041 1029 1102 vetustiora
1052 1040 1128 1118 (vid.
1143 1040 1164 1100 I.
1187 1039 1292 1100 XLVI.

81 1208 83 1223 Ι
139 1140 284 1202 LXXXIII
295 1139 392 1221 sqq),
415 1141 518 1202 labem
535 1148 639 1202 autem
655 1142 864 1220 multiplicem
884 1142 917 1203 iu
940 1158 979 1204 ea
999 1142 1137 1204 carmina
1157 1139 1292 1202 duxisse

81 1246 83 1269 ²
140 1259 176 1305 ex
190 1244 248 1318 iis,
272 1258 354 1320 quae
367 1249 432 1302 tum
446 1243 642 1321 grammatici
658 1244 889 1322 interpretandi
906 1246 955 1304 vel
970 1244 1173 1323 comparandi
1188 1242 1291 1322 gratia

137 1332 357 1424 adscripsisse
383 1345 627 1406 consuevissent
665 1343 732 1428 (vid
767 1347 904 1407 XXlV.l
934 1366 963 1425 p.
986 1349 1013 1407 2.
1051 1344 1150 1407 XVlll
1186 1365 1216 1424 p.
1240 1347 1288 1406 31.

136 1449 324 1535 XX-XXX.
362 1447 440 1509 Add.
450 1448 560 1508 XXVII
579 1467 608 1525 p.
623 1450 692 1510 lau.
721 1450 860 1509 XXXVII
875 1467 921 1526 sq.
952 1452 985 1510 L.
1007 1449 1085 1509 Vlll.
1110 1441 1217 1527 Xll‘p.
1233 1447 1287 1531 31)

133 1561 197 1614 tum
221 1551 345 1613 librarii
367 1552 420 1610 rel
444 1551 560 1612 leviter
583 1551 609 1634 (l
633 1570 663 1628 p.
678 1554 707 1612 2.
732 1552 794 1612 XX.
816 1552 918 1614 LXVI.
942 1552 1029 1614 XLV.
1052 1552 1232 1613 LXXXVIII
1242 1567 1289 1627 sq.

133 1653 198 1737 IX.)
223 1655 275 1714 vel
302 1653 451 1732 imperite
472 1651 787 1736 (XXXII-XXXVI.
819 1656 889 1716 XIV
904 1674 971 1733 sqq.
1001 1657 1088 1717 XLII.
1120 1655 1226 1716 LXVII
1242 1671 1288 1730 sq.

130 1757 283 1820 LXXXVI
311 1773 340 1831 p.
362 1755 437 1839 111)
466 1759 517 1816 vel
547 1765 757 1835 praepostere
789 1758 842 1842 (XI
862 1777 908 1837 sq.
939 1759 1046 1844 XLVI)
1082 1758 1289 1836 consignasse

138 1861 309 1921 rideantur.
355 1860 392 1920 Et
415 1862 496 1921 baec
519 1861 647 1937 quidem
669 1860 810 1922 fraudum
835 1862 953 1923 cubilia
975 1881 1037 1923 non
1059 1868 1182 1922 temere
1202 1859 1288 1920 inda·

135 1979 229 2041 gesse
247 1962 334 2021 risus
354 1980 438 2033 sum,
462 1968 628 2039 postquam
652 1979 691 2024 11
712 1964 829 2038 repetii
851 1970 883 2024 et
905 1964 1134 2041 quodammodo
1159 1979 1288 2040 congre

135 2066 219 2143 gavi,
244 2079 326 2141 quae
339 2065 465 2125 Lebrsii
479 2067 592 2126 librum
609 2065 815 2142 perlustranti
836 2065 963 2144 singula
979 2073 1178 2127 occurrerant
1193 2064 1289 2126 obvia

136 2174 166 2227 et
181 2169 349 2229 illaborata
363 2169 399 2228 cl.
417 2175 446 2246 p.
463 2166 627 2251 1811111.
646 2168 753 2229 XXVll
777 2187 805 2245 p.
823 2169 873 2240 11,
889 2171 930 2246 1),
950 2188 980 2247 p.
996 2171 1052 2230 191
1071 2165 1165 2252 (Add.
1180 2166 1287 2229 LXXV

135 2267 251 2348 psile,
273 2269 337 2351 31).
370 2271 456 2343 Quae
474 2272 602 2348 quidem
617 2279 699 2342 tum,
723 2289 818 2348 quum
841 2272 935 2349 pauci
959 2271 1155 2333 inmanibus
1179 2275 1288 2330 essent

135 2374 219 2445 libri,
242 2376 275 2435 in
292 2392 392 2436 vacua
414 2374 549 2446 tabella,
574 2375 606 2435 in
631 2392 692 2450 qua
714 2375 816 2437 libera
838 2375 1002 2448 adjicienli
1030 2381 1116 2435 esset
1140 2372 1287 2435 excursio

134 2477 250 2559 (adjeci
274 2485 379 2539 autem
404 2495 459 2539 eos
484 2480 593 2548 locos,
625 2479 665 2538 de
690 2480 803 2556 quibus
827 2481 907 2541 alias
930 2479 1038 2540 dicere
1062 2472 1287 2557 institueram),

95 2667 99 2672 ι
135 2582 208 2642 stilo
233 2598 324 2657 quam
349 2581 555 2642 velocissiruo
580 2589 687 2644 notata
707 2581 768 2654 jam
793 2583 888 2659 paulo
911 2580 1097 2660 diligentius
1129 2578 1288 2655 explicata

136 2700 172 2746 ea
193 2692 298 2746 lernen
322 2685 495 2747 festinandi
518 2687 700 2762 voluptate,
732 2704 826 2764 quum
849 2685 1037 2760 praesertim
1066 2683 1196 2762 pietatis
1220 2680 1286 2742 olfi-

137 2789 216 2848 cium
243 2786 314 2859 jure
344 2788 480 2864 quodam
509 2789 703 2850 sacrosancti
737 2789 856 2849 fenoris
881 2788 1120 2864 exsequendum
1142 2786 1287 2846 stimulos

136 2891 279 2961 adderet,
311 2891 341 2951 in
373 2891 512 2951 medium
541 2892 678 2969 protuli,
699 2879 743 2951 'ut
771 2892 867 2951 venia
897 2889 1036 2966 petenda
1064 2891 1123 2960 sit,
1158 2885 1286 2963 si'quid

135 3002 184 3054 aut
215 2999 403 3070 occupatum
434 2995 473 3054 ab
504 2993 578 3053 aliis
613 2993 680 3054 dixi
716 2999 769 3054 aut
805 2991 935 3070 cognitu
963 2989 1092 3051 minime
1123 2989 1286 3066 indignum

134 3095 336 3170 praetermisi
365 3103 418 3157 aut
449 3096 635 3173 imperfecte
663 3097 733 3166 vel,
771 3096 843 3156 dum
874 3113 931 3172 pro
960 3094 1091 3155 Horatio
1129 3093 1286 3152 dicentem

131 3199 250 3260 nimias
279 3199 386 3259 fervor
413 3200 496 3277 agit,
524 3199 670 3276 asperIus
699 3198 871 3275 disputavi.
923 3197 1042 3270 Quodsi
1072 3195 1148 3272 quid
1177 3193 1246 3255 veri
1269 3211 1288 3254 1

128 3304 225 3365 uobis
250 3308 471 3379 expromptum
493 3308 542 3362 est
565 3308 618 3363 aut
640 3309 726 3363 certe
750 3304 811 3362 boc
834 3301 942 3377 aliquo
966 3300 1059 3360 modo
1083 3305 1222 3367 cautum,
1246 3313 1286 3358 ne

127 3407 230 3466 verba
259 3410 312 3464 aut
342 3402 420 3465 vilia
451 3411 482 3464 et
513 3404 566 3465 vix
601 3405 740 3465 librariis
776 3405 873 3482 digna
908 3403 1058 3482 gravibus
1089 3408 1121 3462 et
1152 3402 1285 3480 integris

123 3506 322 3570 sufficiendo
354 3505 405 3590 (cs.
419 3506 484 3568 XLI
508 3526 537 3584 p.
554 3510 604 3567 11.
635 3507 725 3568 LXlll
757 3527 786 3584 p.
804 3508 862 3568 123
887 3506 942 3586 al.)
971 3511 1024 3566 aut
1046 3507 1133 3568 nullo
1157 3512 1286 3567 auctore

122 3610 217 3672 dieta
248 3606 297 3691 (ll.
327 3609 366 3669 lV
391 3628 420 3686 p.
440 3610 486 3670 11.
518 3609 615 3685 Vsq.
646 3610 695 3668 IX.
726 3610 829 3670 XVIII.
866 3609 1014 3670 XXXVII.
1050 3609 1150 3671 XLlll.
1184 3608 1284 3669 XLVI.

123 3711 262 3776 XLVIII.
283 3711 372 3796 LIV)
406 3712 456 3771 rel
486 3714 687 3773 metricorum
717 3715 899 3790 praeceptis
922 3711 1132 3791 repugnantia
1160 3708 1188 3793 (l
1211 3728 1241 3787 p.
1257 3712 1284 3770 2.

121 3813 210 3876 Vlll.
251 3814 328 3875 XXI.
369 3814 669 3893 1111111111.
715 3816 793 3877 Add.
823 3817 934 3877 XXVII
962 3836 992 3894 p.
1020 3817 1069 3885 11,
1098 3817 1126 3877 a.
1167 3814 1285 3874 XXXII.

123 3916 263 3978 XXXVI.
305 3915 452 3976 XXXVII.
495 3916 610 3977 LXVII.
652 3917 779 3978 LXXlll.
836 3919 914 3981 Add.
944 3917 1050 3979 LXXV
1084 3933 1115 3991 p.
1141 3915 1210 3985 115,
1235 3915 1284 3975 11.

125 4020 269 4100 LXXVI)
298 4019 464 4080 retinendo
494 4021 645 4096 antiquae
681 4023 835 4084 oratIouis
864 4023 1003 4100 dignitas
1025 4019 1213 4091 deteratur,
1252 4021 1285 4081 id

128 4130 222 4203 grato
257 4122 379 4184 animo
399 4123 584 4198 profitemur
619 4123 840 4201 assignandum
878 4139 952 4184 esse
986 4123 1051 4200 ipsi
1095 4121 1163 4194 ejrrs
1199 4123 1283 4195 libri,

132 4242 226 4302 quem
259 4225 297 4286 ad
333 4223 535 4285 sollicitanda
570 4226 731 4286 doctorum
768 4226 872 4286 studia
907 4225 1183 4287 instructissimum
1220 4229 1284 4289 lons
1367 4290 1371 4295 ,

132 4327 311 4399 objecerat,
348 4325 480 4405 lectioni
514 4333 609 4401 atque
640 4328 689 4396 ei,
727 4345 817 4403 quam
848 4327 955 4389 aliena
988 4327 1120 4390 audacia
1155 4328 1284 4400 lecerat,
