2828 4866
703 303 726 369 8
817 256 819 262 ,

132 484 268 551 tenet“;
300 477 480 537 fastibus
505 484 700 553 proterva
722 479 844 544 autem,
875 480 909 535 ut
932 475 1007 537 Stat.
1033 476 1109 539 Silv.
1135 480 1175 541 V.
1198 484 1302 555 Μῦς

132 581 283 642 Infantem
306 580 435 656 linguae
462 578 614 639 eximium
645 576 874 653 salibusque
900 586 1141 653 protervum
1176 587 1222 646 cf.
1249 588 1302 649 Po·

132 683 231 745 litian.
254 682 370 743 Nutric.
397 699 425 757 p.
450 683 531 740 276:
563 697 659 750 „ore
686 680 923 756 protervior
947 682 1081 743 Anser.“
1107 684 1185 747 Sen.
1205 688 1304 769 Hipp.

134 787 209 847 303:
232 784 379 846 Fronte
404 800 486 843 nunc
508 788 627 843 torva
649 784 842 858 petulans
864 782 1065 858 juvencus“;
1090 804 1179 863 quae
1203 796 1306 855 verba

132 902 173 949 ne
195 887 313 948 Tibulli
328 886 364 947 ΙΙ.
383 887 411 956 1,
426 886 481 945 il:
510 886 565 946 hio
587 886 695 946 dicere
717 884 813 956 jussit
835 886 945 946 Limen
968 888 1008 946 ad
1037 888 1173 951 iratae
1203 897 1307 957 verba

132 989 279 1065 pudenda
306 996 443 1047 senem“
475 988 744 1063 comparationem
774 989 939 1063 requirere
970 996 1080 1066 putes,
1109 992 1201 1054 hunc
1228 1004 1307 1059 tene

133 1106 208 1151 esse
239 1089 397 1151 ordinem:
430 1089 540 1159 „tibi
577 1090 757 1151 [astibus
795 1091 953 1151 crebris
989 1099 1226 1168 protervae
1259 1099 1306 1171 iu-

132 1208 232 1253 venes
256 1191 382 1267 parcius
412 1192 623 1252 fenestras
655 1191 778 1262 junctas
808 1194 999 1268 quatiunt
1030 1211 1101 1256 nec
1124 1216 1306 1264 somnos

133 1295 347 1355 adimunt.“
391 1294 539 1369 Denique
562 1294 652 1354 vocis
677 1296 859 1370 parcius,
885 1314 977 1372 quam
994 1298 1078 1357 idem
1093 1301 1185 1360 velle
1201 1310 1308 1380 atque

134 1396 269 1456 rarius
303 1397 411 1458 dicunt
448 1404 481 1458 ei
517 1399 621 1458 Acron
650 1397 913 1474 Porphyriouquc
947 1406 979 1459 et
1008 1399 1306 1479 Mitscherlichius‚

134 1499 199 1558 vim
229 1506 260 1559 et
293 1506 487 1575 potestatem
520 1500 637 1560 rectius
669 1499 845 1560 definiendi
877 1502 1000 1577 copiam
1023 1504 1143 1564 faciunt
1170 1512 1202 1567 et
1228 1509 1306 1585 ipsa

134 1601 289 1677 Virgilius
312 1602 376 1662 Ecl.
401 1602 453 1672 ΙΙΙ,
478 1604 514 1671 t,
546 1601 633 1672 cujus
657 1601 874 1662 testimonium
898 1604 1091 1681 interposuit
1113 1606 1245 1680 Acron,
1273 1617 1306 1672 et

135 1703 269 1764 Ovidius
298 1704 397 1780 Epist.
430 1704 507 1763 VIII.
540 1705 594 1764 13:
640 1703 807 1764 Parcius
845 1707 1086 1768 Andromachen
1126 1715 1304 1777 vexavit

137 1805 260 1867 Achaia
284 1807 426 1868 victrix“
451 1815 480 1867 et
507 1807 688 1868 Ammianus
711 1805 801 1867 Marc.
826 1807 916 1868 xxV.
939 1811 966 1879 1,
993 1812 1046 1870 12:
1071 1816 1134 1881 „ut
1159 1813 1208 1875 ibi
1232 1822 1302 1879 tan-

136 1912 199 1967 tum
225 1907 400 1969 incidentia
422 1911 494 1995 tela·
510 1909 636 1985 possint
659 1907 811 1979 haerere,
837 1928 899 1985 qua
915 1928 973 1987 per
987 1929 1140 1973 cavernas
1156 1915 1301 1980 minutas

136 2017 168 2069 et
191 2012 320 2072 orbibus
345 2015 507 2073 oculorum
530 2013 651 2072 adfixas
676 2013 843 2086 parcius
867 2014 1013 2073 visitur.“
1060 2015 1115 2075 Sil.
1130 2016 1197 2078 XV.
1218 2022 1298 2083 759:

135 2128 358 2188 „parceque
397 2115 530 2189 petitum
565 2113 753 2172 Perstrinxit
791 2124 937 2189 corpus.“
989 2117 1023 2175 ll.
1046 2119 1123 2177 474:
1159 2122 1290 2189 „haud

137 2229 256 2287 parce
280 2215 478 2274 mir·atus“
499 2213 631 2273 Martial.
656 2213 734 2272 VIII.
750 2215 800 2285 38,
814 2218 841 2274 c.
881 2216 1011 2286 Quaerit
1030 2221 1106 2295 quid
1122 2221 1180 2281 uisi
1198 2238 1287 2297 par-

137 2314 225 2375 cius
249 2313 384 2378 dolere?
424 2316 518 2393 Seyff.
535 2317 597 2377 Cio.
613 2319 700 2377 Tusc.
718 2319 753 2378 V.
771 2320 820 2390 14,
838 2321 874 2379 41
902 2339 930 2396 p.
948 2325 997 2382 98.
1042 2322 1082 2382 Ut
1097 2324 1296 2403 intelligatur

135 2419 272 2492 juvenes
302 2422 529 2500 languescente
550 2419 613 2491 jam
635 2422 761 2482 fervore
787 2429 817 2482 et
842 2425 933 2499 quasi
962 2434 1160 2501 parcente
1183 2446 1301 2492 manu

137 2520 228 2605 (Stat.
252 2524 366 2584 Achill.
391 2523 411 2582 I.
437 2522 513 2606 572)
536 2525 694 2585 fenestras
719 2527 846 2585 vellere.
894 2528 980 2587 Conl.
1001 2529 1078 2588 XIV.

221 2627 288 2686 Iam
317 2626 496 2686 faciendum
528 2633 593 2695 cst,
630 2632 664 2685 ut
697 2628 821 2687 tandem
852 2629 973 2704 liqueat
1004 2631 1044 2690 de
1075 2633 1304 2701 Claudiani

138 2729 209 2788 loco
232 2729 360 2804 Eutrop.
385 2727 405 2787 1.
433 2730 489 2788 92:

307 2828 384 2902 jam
406 2833 521 2891 turba
544 2848 713 2906 procax,
737 2834 957 2909 noctisque
981 2836 1139 2896 recedit

266 2934 450 2994 Ambitus
475 2940 512 2993 et
536 2951 628 2993 raro
653 2935 850 3010 pulsatur
872 2935 1002 3008 janua
1024 2943 1113 3001 tactu

138 3037 236 3108 Quam
260 3043 354 3111 quum
378 3036 417 3096 ad
439 3036 563 3097 Horatii
588 3037 765 3112 exemplum
791 3054 978 3114 expressum
1000 3057 1074 3101 esse
1093 3058 1204 3104 omnes
1223 3055 1306 3109 ante
1329 3120 1332 3125 Ι

137 3137 307 3214 Hauptium
332 3138 487 3207 dixerint,
513 3155 604 3198 nemo
627 3145 732 3199 tamen
756 3156 833 3200 vere
856 3148 909 3202 aut
928 3144 1102 3219 explicavit
1120 3150 1173 3204 aut
1189 3161 1304 3211 emen-

138 3241 233 3301 davit.
285 3238 326 3299 Ut
356 3238 440 3299 enim
469 3240 607 3316 Hauptio
639 3244 868 3321 concedamus,
900 3247 984 3320 quod
1015 3247 1147 3308 concedi
1176 3263 1304 3324 nequa-

139 3361 231 3420 quam
261 3349 386 3418 potest,
422 3342 572 3413 jactum
596 3345 734 3423 intelligi
759 3348 941 3423 lapidum
966 3347 1099 3420 jactum:
1134 3349 1211 3423 quid
1235 3353 1305 3415 hac

138 3447 300 3507 mentione
331 3445 436 3507 afferri
466 3448 570 3523 potuit
594 3449 733 3509 alienius
763 3456 795 3510 et
824 3452 952 3528 longius
989 3450 1164 3520 sejunctum
1193 3466 1211 3508 a
1244 3454 1303 3514 de-

140 3550 315 3625 scriptione
338 3550 483 3610 nocturni
506 3552 659 3622 ambituS,
685 3570 746 3628 quo
768 3552 897 3613 Laidem
920 3568 939 3610 a
961 3555 1007 3608 tot
1030 3548 1137 3624 procis
1160 3549 1303 3623 petitam

138 3653 240 3712 luisse
270 3656 302 3710 et
333 3652 524 3713 Claudianus
560 3660 665 3714 narrat
703 3661 735 3714 et
766 3654 822 3714 alii
859 3653 983 3719 dicunt,
1020 3656 1054 3710 ut
1084 3651 1301 3718 Philostratus

138 3754 237 3831 Epist.
252 3756 308 3814 42:
333 3751 361 3817 εἶ
384 3754 551 3837 Κορινθία
572 3746 680 3835 ἦσθα,
703 3756 778 3818 τῶν
799 3753 960 3827 Λαΐδος
981 3749 1120 3837 κώμων
1143 3748 1181 3817 dv
1199 3753 1300 3835 ἔμνη-

138 3853 304 3938 μόνευσας.
355 3859 457 3918 Burm.
487 3860 578 3937 Prop.
603 3860 637 3920 Il.
663 3864 691 3928 5,
719 3860 733 3918 1
764 3877 792 3934 p.
812 3852 899 3918 249?
950 3857 1015 3918 Nec
1044 3875 1120 3920 vero
1151 3858 1299 3923 difficilis

139 3961 208 4022 veri
232 3960 415 4032 conjectura
437 3963 598 4038 reputanti
631 3964 719 4033 „boc
748 3960 853 4036 ipsum
881 3961 983 4022 fuisse
1012 3964 1151 4039 antiquis
1175 3969 1299 4038 tempo-

138 4065 225 4126 ribus
260 4066 418 4135 solemne,
455 4072 489 4125 ut
518 4065 632 4126 lascivi
667 4064 800 4136 juvenes
832 4098 874 4109 -
901 4072 975 4125 ante
1004 4067 1090 4126 fores
1126 4065 1299 4127 amicarum

140 4167 380 4229 comissabundi
405 4168 629 4237 convenirent,
655 4182 733 4241 quas
759 4168 957 4231 cantionibus
982 4175 1078 4244 atque
1099 4168 1220 4228 musica
1245 4172 1298 4230 ob-

141 4269 322 4329 lectarent“
353 4269 645 4332 Welck.l'hilost1·.
676 4268 728 4329 lm.
754 4268 775 4330 l.
801 4273 818 4331 2
845 4291 873 4349 p.
892 4273 952 4332 204
974 4288 1019 4346 sq.
1064 4271 1299 4332 Pammautein
