<?xml version="1.0" encoding="UTF-8"?>
<!DOCTYPE html PUBLIC "-//W3C//DTD XHTML 1.0 Transitional//EN"
    "http://www.w3.org/TR/xhtml1/DTD/xhtml1-transitional.dtd">
<html xmlns="http://www.w3.org/1999/xhtml" xml:lang="en" lang="en">
 <head>
  <title>
</title>
<meta http-equiv="Content-Type" content="text/html;charset=utf-8" />
  <meta name='ocr-system' content='tesseract 3.04.00' />
  <meta name='ocr-capabilities' content='ocr_page ocr_carea ocr_par ocr_line ocrx_word'/>
</head>
<body>
  <div class='ocr_page' id='page_1' title='image "./emendationeshor00ungegoog_0163.png"; bbox 0 0 2806 4866; ppageno 0'>
   <div class='ocr_carea' id='block_1_1' title="bbox 135 106 1333 1843">
    <p class='ocr_par' dir='ltr' id='par_1_1' title="bbox 135 106 1333 698">
     <span class='ocr_line' id='line_1_1' title="bbox 135 106 1284 187; baseline 0 -15"><span class='ocrx_word' id='word_1_1' title='bbox 135 110 266 183; x_wconf 84' lang='lat' dir='ltr'>judicare</span> <span class='ocrx_word' id='word_1_2' title='bbox 290 107 404 169; x_wconf 89' lang='lat' dir='ltr'>videor</span> <span class='ocrx_word' id='word_1_3' title='bbox 432 112 579 182; x_wconf 87' lang='lat' dir='ltr'>spectare</span> <span class='ocrx_word' id='word_1_4' title='bbox 609 106 648 168; x_wconf 93' lang='lat' dir='ltr'>ad</span> <span class='ocrx_word' id='word_1_5' title='bbox 678 107 872 185; x_wconf 70' lang='lat' dir='ltr'>legationem</span> <span class='ocrx_word' id='word_1_6' title='bbox 896 124 915 168; x_wconf 85' lang='lat' dir='ltr'>a</span> <span class='ocrx_word' id='word_1_7' title='bbox 936 107 1080 184; x_wconf 83' lang='lat' dir='ltr'>Scythis,</span> <span class='ocrx_word' id='word_1_8' title='bbox 1112 128 1284 187; x_wconf 80' lang='lat' dir='ltr'>quoscum</span> 
     </span>
     <span class='ocr_line' id='line_1_2' title="bbox 137 198 1285 297; baseline 0.001 -21"><span class='ocrx_word' id='word_1_9' title='bbox 137 215 274 297; x_wconf 58' lang='lat' dir='ltr'>directe,</span> <span class='ocrx_word' id='word_1_10' title='bbox 311 211 495 272; x_wconf 80' lang='lat' dir='ltr'><strong>Parthorum</strong></span> <span class='ocrx_word' id='word_1_11' title='bbox 525 198 763 293; x_wconf 65' lang='lat' dir='ltr'>rege&#39;eode&#39;m</span> <span class='ocrx_word' id='word_1_12' title='bbox 796 211 851 286; x_wconf 87' lang='lat' dir='ltr'>qui</span> <span class='ocrx_word' id='word_1_13' title='bbox 881 212 996 289; x_wconf 85' lang='lat' dir='ltr'>postea</span> <span class='ocrx_word' id='word_1_14' title='bbox 1025 212 1117 290; x_wconf 75' lang='lat' dir='ltr'>signa</span> <span class='ocrx_word' id='word_1_15' title='bbox 1145 214 1285 278; x_wconf 79' lang='lat' dir='ltr'>Romana</span> 
     </span>
     <span class='ocr_line' id='line_1_3' title="bbox 138 310 1333 397; baseline 0 -19"><span class='ocrx_word' id='word_1_16' title='bbox 138 315 278 384; x_wconf 80' lang='lat' dir='ltr'>reddidit,</span> <span class='ocrx_word' id='word_1_17' title='bbox 312 330 401 375; x_wconf 87' lang='lat' dir='ltr'>arma</span> <span class='ocrx_word' id='word_1_18' title='bbox 428 310 574 384; x_wconf 83' lang='lat' dir='ltr'>junxisse</span> <span class='ocrx_word' id='word_1_19' title='bbox 606 319 745 383; x_wconf 86' lang='lat' dir='ltr'>constat,</span> <span class='ocrx_word' id='word_1_20' title='bbox 782 313 919 397; x_wconf 81' lang='lat' dir='ltr'>eoipso</span> <span class='ocrx_word' id='word_1_21' title='bbox 942 315 1087 379; x_wconf 73' lang='lat' dir='ltr'>ennead</span> <span class='ocrx_word' id='word_1_22' title='bbox 1102 315 1284 394; x_wconf 57' lang='lat' dir='ltr'>Augustum</span> <span class='ocrx_word' id='word_1_23' title='bbox 1330 360 1333 365; x_wconf 89' lang='lat'>-</span> 
     </span>
     <span class='ocr_line' id='line_1_4' title="bbox 136 414 1285 495; baseline 0 -16"><span class='ocrx_word' id='word_1_24' title='bbox 136 421 268 487; x_wconf 89' lang='lat' dir='ltr'>nissam,</span> <span class='ocrx_word' id='word_1_25' title='bbox 292 414 561 492; x_wconf 66' lang='lat' dir='ltr'>quobrmeniam</span> <span class='ocrx_word' id='word_1_26' title='bbox 592 421 715 490; x_wconf 87' lang='lat' dir='ltr'>captam</span> <span class='ocrx_word' id='word_1_27' title='bbox 745 415 902 493; x_wconf 72' lang='lat' dir='ltr'>signaque</span> <span class='ocrx_word' id='word_1_28' title='bbox 931 431 973 479; x_wconf 81' lang='lat' dir='ltr'>ex</span> <span class='ocrx_word' id='word_1_29' title='bbox 1000 416 1123 478; x_wconf 84' lang='lat' dir='ltr'>Parthis</span> <span class='ocrx_word' id='word_1_30' title='bbox 1154 424 1285 495; x_wconf 86' lang='lat' dir='ltr'>recepta</span> 
     </span>
     <span class='ocr_line' id='line_1_5' title="bbox 136 516 1284 602; baseline -0.003 -20"><span class='ocrx_word' id='word_1_31' title='bbox 136 522 224 582; x_wconf 81' lang='lat' dir='ltr'>luisse</span> <span class='ocrx_word' id='word_1_32' title='bbox 247 518 442 580; x_wconf 79' lang='lat' dir='ltr'>obtinuimus</span> <span class='ocrx_word' id='word_1_33' title='bbox 464 517 508 600; x_wconf 91' lang='lat' dir='ltr'>(p.</span> <span class='ocrx_word' id='word_1_34' title='bbox 527 518 709 580; x_wconf 81' lang='grc'><strong>354-356</strong></span> <span class='ocrx_word' id='word_1_35' title='bbox 734 518 771 578; x_wconf 86' lang='lat' dir='ltr'>cl.</span> <span class='ocrx_word' id='word_1_36' title='bbox 790 518 850 578; x_wconf 80' lang='lat'>360</span> <span class='ocrx_word' id='word_1_37' title='bbox 867 516 946 602; x_wconf 92' lang='lat' dir='ltr'>sq.);</span> <span class='ocrx_word' id='word_1_38' title='bbox 972 517 1156 596; x_wconf 74' lang='lat' dir='ltr'>Scytharum</span> <span class='ocrx_word' id='word_1_39' title='bbox 1179 525 1284 581; x_wconf 89' lang='lat' dir='ltr'>autem</span> 
     </span>
     <span class='ocr_line' id='line_1_6' title="bbox 136 594 1146 698; baseline -0.001 -13"><span class='ocrx_word' id='word_1_40' title='bbox 136 625 218 694; x_wconf 89' lang='lat' dir='ltr'>duas,</span> <span class='ocrx_word' id='word_1_41' title='bbox 244 614 391 682; x_wconf 86' lang='lat' dir='ltr'>Indorum</span> <span class='ocrx_word' id='word_1_42' title='bbox 413 608 478 681; x_wconf 87' lang='lat' dir='ltr'>tres</span> <span class='ocrx_word' id='word_1_43' title='bbox 502 620 682 697; x_wconf 75' lang='lat' dir='ltr'>legationes</span> <span class='ocrx_word' id='word_1_44' title='bbox 705 594 807 682; x_wconf 76' lang='lat' dir='ltr'>luisse</span> <span class='ocrx_word' id='word_1_45' title='bbox 830 621 995 689; x_wconf 82' lang='lat' dir='ltr'>docuimus</span> <span class='ocrx_word' id='word_1_46' title='bbox 1019 610 1146 698; x_wconf 71' lang='lat' dir='ltr'>pest.</span> 
     </span>
    </p>

    <p class='ocr_par' dir='ltr' id='par_1_2' title="bbox 137 708 1299 1521">
     <span class='ocr_line' id='line_1_7' title="bbox 208 708 1285 801; baseline 0.003 -15"><span class='ocrx_word' id='word_1_47' title='bbox 208 725 272 787; x_wconf 89' lang='lat' dir='ltr'>Nec</span> <span class='ocrx_word' id='word_1_48' title='bbox 302 729 471 800; x_wconf 81' lang='lat' dir='ltr'>praetereo</span> <span class='ocrx_word' id='word_1_49' title='bbox 506 723 706 784; x_wconf 88' lang='lat' dir='ltr'>Sarbievium</span> <span class='ocrx_word' id='word_1_50' title='bbox 730 722 779 784; x_wconf 91' lang='lat' dir='ltr'>III.</span> <span class='ocrx_word' id='word_1_51' title='bbox 808 725 845 783; x_wconf 99' lang='grc'>14</span> <span class='ocrx_word' id='word_1_52' title='bbox 883 743 912 801; x_wconf 93' lang='lat' dir='ltr'>p.</span> <span class='ocrx_word' id='word_1_53' title='bbox 930 724 1000 785; x_wconf 84' lang='grc'><strong>’166</strong></span> <span class='ocrx_word' id='word_1_54' title='bbox 1031 723 1153 787; x_wconf 81' lang='lat' dir='ltr'>Horatii</span> <span class='ocrx_word' id='word_1_55' title='bbox 1186 708 1285 789; x_wconf 80' lang='lat' dir='ltr'>uerbo</span> 
     </span>
     <span class='ocr_line' id='line_1_8' title="bbox 137 824 1281 890; baseline 0.003 -3"><span class='ocrx_word' id='word_1_56' title='bbox 137 835 296 889; x_wconf 89' lang='lat' dir='ltr'>mutuatum</span> <span class='ocrx_word' id='word_1_57' title='bbox 334 824 482 887; x_wconf 67' lang='lat' dir='ltr'>inbono</span> <span class='ocrx_word' id='word_1_58' title='bbox 516 825 658 887; x_wconf 89' lang='lat' dir='ltr'>modum:</span> <span class='ocrx_word' id='word_1_59' title='bbox 698 827 852 888; x_wconf 88' lang='lat' dir='ltr'>Desine</span> <span class='ocrx_word' id='word_1_60' title='bbox 893 828 1079 889; x_wconf 88' lang='lat' dir='ltr'>tristium</span> <span class='ocrx_word' id='word_1_61' title='bbox 1114 829 1281 890; x_wconf 86' lang='lat' dir='ltr'>Tandem</span> 
     </span>
     <span class='ocr_line' id='line_1_9' title="bbox 141 928 1283 1011; baseline 0.004 -21"><span class='ocrx_word' id='word_1_62' title='bbox 141 930 381 1005; x_wconf 85' lang='lat' dir='ltr'>querelarum</span> <span class='ocrx_word' id='word_1_63' title='bbox 413 933 450 987; x_wconf 88' lang='lat' dir='ltr'>el</span> <span class='ocrx_word' id='word_1_64' title='bbox 480 928 618 1005; x_wconf 90' lang='lat' dir='ltr'>potius</span> <span class='ocrx_word' id='word_1_65' title='bbox 655 947 744 991; x_wconf 86' lang='lat' dir='ltr'>sacra</span> <span class='ocrx_word' id='word_1_66' title='bbox 781 929 897 992; x_wconf 89' lang='lat' dir='ltr'>Inoude</span> <span class='ocrx_word' id='word_1_67' title='bbox 928 928 1076 1011; x_wconf 83' lang='lat' dir='ltr'>diffingas</span> <span class='ocrx_word' id='word_1_68' title='bbox 1112 932 1143 994; x_wconf 92' lang='lat' dir='ltr'>in</span> <span class='ocrx_word' id='word_1_69' title='bbox 1174 950 1283 994; x_wconf 87' lang='lat' dir='ltr'>aurum</span> 
     </span>
     <span class='ocr_line' id='line_1_10' title="bbox 140 1016 1281 1125; baseline 0.002 -33"><span class='ocrx_word' id='word_1_70' title='bbox 140 1032 361 1103; x_wconf 64' lang='lat' dir='ltr'>Saevaducnm</span> <span class='ocrx_word' id='word_1_71' title='bbox 384 1026 614 1109; x_wconf 85' lang='lat' dir='ltr'>procerumque</span> <span class='ocrx_word' id='word_1_72' title='bbox 638 1034 730 1094; x_wconf 86' lang='lat' dir='ltr'>tela“</span> <span class='ocrx_word' id='word_1_73' title='bbox 760 1034 809 1112; x_wconf 84' lang='lat' dir='ltr'>(cf.</span> <span class='ocrx_word' id='word_1_74' title='bbox 834 1033 906 1094; x_wconf 88' lang='lat' dir='ltr'>Hor.</span> <span class='ocrx_word' id='word_1_75' title='bbox 931 1034 952 1094; x_wconf 94' lang='lat' dir='ltr'>I.</span> <span class='ocrx_word' id='word_1_76' title='bbox 978 1016 1110 1125; x_wconf 40' lang='lat' dir='ltr'>bbg-³¹39)</span> <span class='ocrx_word' id='word_1_77' title='bbox 1142 1035 1281 1097; x_wconf 77' lang='grc'><strong>001111-</strong></span> 
     </span>
     <span class='ocr_line' id='line_1_11' title="bbox 144 1133 1282 1216; baseline 0.004 -22"><span class='ocrx_word' id='word_1_78' title='bbox 144 1151 249 1208; x_wconf 88' lang='lat' dir='ltr'>caeum,</span> <span class='ocrx_word' id='word_1_79' title='bbox 279 1135 334 1211; x_wconf 89' lang='lat' dir='ltr'>qui</span> <span class='ocrx_word' id='word_1_80' title='bbox 364 1133 514 1196; x_wconf 89' lang='lat' dir='ltr'>similiter</span> <span class='ocrx_word' id='word_1_81' title='bbox 543 1134 666 1196; x_wconf 88' lang='lat' dir='ltr'>dixisse</span> <span class='ocrx_word' id='word_1_82' title='bbox 697 1137 861 1199; x_wconf 86' lang='lat' dir='ltr'>adnotavit</span> <span class='ocrx_word' id='word_1_83' title='bbox 890 1138 982 1214; x_wconf 80' lang='lat' dir='ltr'>Apul.</span> <span class='ocrx_word' id='word_1_84' title='bbox 1014 1136 1144 1198; x_wconf 82' lang='grc'><strong>110111.</strong></span> <span class='ocrx_word' id='word_1_85' title='bbox 1173 1139 1282 1216; x_wconf 65' lang='lat' dir='ltr'>pest</span> 
     </span>
     <span class='ocr_line' id='line_1_12' title="bbox 144 1236 1299 1316; baseline 0.008 -20"><span class='ocrx_word' id='word_1_86' title='bbox 144 1238 321 1298; x_wconf 86' lang='lat' dir='ltr'>Terentium:</span> <span class='ocrx_word' id='word_1_87' title='bbox 363 1236 522 1297; x_wconf 87' lang='lat' dir='ltr'>Lacrimas</span> <span class='ocrx_word' id='word_1_88' title='bbox 558 1238 648 1297; x_wconf 90' lang='lat' dir='ltr'>mitte</span> <span class='ocrx_word' id='word_1_89' title='bbox 685 1255 728 1299; x_wconf 87' lang='lat' dir='ltr'>ac</span> <span class='ocrx_word' id='word_1_90' title='bbox 760 1239 903 1316; x_wconf 87' lang='lat' dir='ltr'>potius</span> <span class='ocrx_word' id='word_1_91' title='bbox 940 1240 1024 1316; x_wconf 87' lang='lat' dir='ltr'>quod</span> <span class='ocrx_word' id='word_1_92' title='bbox 1060 1241 1099 1301; x_wconf 90' lang='lat' dir='ltr'>ad</span> <span class='ocrx_word' id='word_1_93' title='bbox 1128 1242 1299 1305; x_wconf 80' lang='lat' dir='ltr'>honorem·</span> 
     </span>
     <span class='ocr_line' id='line_1_13' title="bbox 146 1339 1281 1420; baseline 0.005 -22"><span class='ocrx_word' id='word_1_94' title='bbox 146 1358 206 1416; x_wconf 92' lang='lat' dir='ltr'>opus</span> <span class='ocrx_word' id='word_1_95' title='bbox 230 1346 296 1410; x_wconf 89' lang='lat' dir='ltr'>est,</span> <span class='ocrx_word' id='word_1_96' title='bbox 319 1357 415 1416; x_wconf 91' lang='lat' dir='ltr'>porro</span> <span class='ocrx_word' id='word_1_97' title='bbox 432 1341 591 1400; x_wconf 86' lang='lat' dir='ltr'>consule“</span> <span class='ocrx_word' id='word_1_98' title='bbox 616 1339 847 1417; x_wconf 81' lang='lat' dir='ltr'>etApulejum:</span> <span class='ocrx_word' id='word_1_99' title='bbox 870 1341 957 1402; x_wconf 90' lang='lat' dir='ltr'>Pone</span> <span class='ocrx_word' id='word_1_100' title='bbox 978 1358 1155 1404; x_wconf 90' lang='lat' dir='ltr'>moerorem</span> <span class='ocrx_word' id='word_1_101' title='bbox 1178 1344 1281 1420; x_wconf 81' lang='lat' dir='ltr'>preci-</span> 
     </span>
     <span class='ocr_line' id='line_1_14' title="bbox 147 1424 1291 1521; baseline 0.001 -21"><span class='ocrx_word' id='word_1_102' title='bbox 147 1443 268 1520; x_wconf 87' lang='lat' dir='ltr'>busque</span> <span class='ocrx_word' id='word_1_103' title='bbox 292 1444 400 1520; x_wconf 88' lang='lat' dir='ltr'>potius</span> <span class='ocrx_word' id='word_1_104' title='bbox 423 1476 464 1487; x_wconf 81' lang='lat'><em>-</em></span> <span class='ocrx_word' id='word_1_105' title='bbox 487 1441 619 1502; x_wconf 90' lang='lat' dir='ltr'>deorum</span> <span class='ocrx_word' id='word_1_106' title='bbox 642 1443 812 1503; x_wconf 82' lang='lat' dir='ltr'>maximum</span> <span class='ocrx_word' id='word_1_107' title='bbox 834 1445 997 1521; x_wconf 84' lang='lat' dir='ltr'>percole.“</span> <span class='ocrx_word' id='word_1_108' title='bbox 1282 1424 1291 1455; x_wconf 89' lang='lat'><strong>¹</strong></span> 
     </span>
    </p>

    <p class='ocr_par' dir='ltr' id='par_1_3' title="bbox 146 1543 1282 1843">
     <span class='ocr_line' id='line_1_15' title="bbox 211 1543 1282 1625; baseline 0.001 -17"><span class='ocrx_word' id='word_1_109' title='bbox 211 1548 256 1608; x_wconf 89' lang='lat' dir='ltr'>De</span> <span class='ocrx_word' id='word_1_110' title='bbox 280 1562 320 1607; x_wconf 87' lang='lat' dir='ltr'>ea</span> <span class='ocrx_word' id='word_1_111' title='bbox 343 1561 377 1605; x_wconf 90' lang='lat' dir='ltr'>re</span> <span class='ocrx_word' id='word_1_112' title='bbox 401 1551 523 1614; x_wconf 86' lang='lat' dir='ltr'>autern,</span> <span class='ocrx_word' id='word_1_113' title='bbox 548 1543 631 1619; x_wconf 88' lang='lat' dir='ltr'>quod</span> <span class='ocrx_word' id='word_1_114' title='bbox 655 1562 683 1602; x_wconf 90' lang='lat' dir='ltr'>v.</span> <span class='ocrx_word' id='word_1_115' title='bbox 700 1544 737 1604; x_wconf 90' lang='grc'>16</span> <span class='ocrx_word' id='word_1_116' title='bbox 751 1562 797 1620; x_wconf 92' lang='lat' dir='ltr'>sq.</span> <span class='ocrx_word' id='word_1_117' title='bbox 843 1544 993 1606; x_wconf 86' lang='lat' dir='ltr'>Horatius</span> <span class='ocrx_word' id='word_1_118' title='bbox 1016 1565 1079 1608; x_wconf 93' lang='lat' dir='ltr'>uno</span> <span class='ocrx_word' id='word_1_119' title='bbox 1103 1544 1282 1625; x_wconf 82' lang='lat' dir='ltr'>Vesperi</span> 
     </span>
     <span class='ocr_line' id='line_1_16' title="bbox 147 1647 1278 1727; baseline 0.005 -20"><span class='ocrx_word' id='word_1_120' title='bbox 147 1651 251 1711; x_wconf 91' lang='lat' dir='ltr'>nomine</span> <span class='ocrx_word' id='word_1_121' title='bbox 274 1669 350 1710; x_wconf 92' lang='lat' dir='ltr'>usus</span> <span class='ocrx_word' id='word_1_122' title='bbox 375 1655 440 1720; x_wconf 90' lang='lat' dir='ltr'>est,</span> <span class='ocrx_word' id='word_1_123' title='bbox 464 1667 526 1710; x_wconf 94' lang='lat' dir='ltr'>non</span> <span class='ocrx_word' id='word_1_124' title='bbox 548 1647 620 1709; x_wconf 85' lang='lat' dir='ltr'>Eoi</span> <span class='ocrx_word' id='word_1_125' title='bbox 644 1654 676 1707; x_wconf 88' lang='lat' dir='ltr'>et</span> <span class='ocrx_word' id='word_1_126' title='bbox 699 1647 877 1727; x_wconf 83' lang='lat' dir='ltr'>Hesperi</span> <span class='ocrx_word' id='word_1_127' title='bbox 902 1651 1086 1722; x_wconf 88' lang='lat' dir='ltr'>vocabulis,</span> <span class='ocrx_word' id='word_1_128' title='bbox 1115 1653 1194 1713; x_wconf 88' lang='lat' dir='ltr'>satis</span> <span class='ocrx_word' id='word_1_129' title='bbox 1225 1668 1278 1714; x_wconf 87' lang='lat' dir='ltr'>ex-</span> 
     </span>
     <span class='ocr_line' id='line_1_17' title="bbox 146 1752 908 1843; baseline 0.001 -33"><span class='ocrx_word' id='word_1_130' title='bbox 146 1752 312 1826; x_wconf 78' lang='lat' dir='ltr'>plicavimus</span> <span class='ocrx_word' id='word_1_131' title='bbox 334 1753 424 1830; x_wconf 84' lang='lat' dir='ltr'>Valg.</span> <span class='ocrx_word' id='word_1_132' title='bbox 449 1770 477 1828; x_wconf 89' lang='lat' dir='ltr'>p.</span> <span class='ocrx_word' id='word_1_133' title='bbox 496 1753 565 1812; x_wconf 78' lang='grc'><strong>121.</strong></span> <span class='ocrx_word' id='word_1_134' title='bbox 589 1753 707 1812; x_wconf 79' lang='lat' dir='ltr'>notit</span> <span class='ocrx_word' id='word_1_135' title='bbox 733 1757 764 1812; x_wconf 83' lang='grc'>01</span> <span class='ocrx_word' id='word_1_136' title='bbox 787 1771 818 1828; x_wconf 88' lang='lat' dir='ltr'>p.</span> <span class='ocrx_word' id='word_1_137' title='bbox 837 1752 908 1843; x_wconf 71' lang='grc'><strong>466.</strong></span> 
     </span>
    </p>
   </div>
   <div class='ocr_carea' id='block_1_2' title="bbox 628 1987 779 2088">
    <p class='ocr_par' dir='ltr' id='par_1_4' title="bbox 628 1987 779 2088">
     <span class='ocr_line' id='line_1_18' title="bbox 628 1987 779 2088; baseline 0.02 -7"><span class='ocrx_word' id='word_1_138' title='bbox 628 1987 779 2088; x_wconf 81' lang='lat' dir='ltr'>lxxx.</span> 
     </span>
    </p>
   </div>
   <div class='ocr_carea' id='block_1_3' title="bbox 139 2162 1281 2454">
    <p class='ocr_par' dir='ltr' id='par_1_5' title="bbox 139 2162 1281 2454">
     <span class='ocr_line' id='line_1_19' title="bbox 196 2162 1281 2250; baseline 0.002 -24"><span class='ocrx_word' id='word_1_139' title='bbox 196 2169 235 2250; x_wconf 53' lang='grc' dir='ltr'>νΑ</span> <span class='ocrx_word' id='word_1_140' title='bbox 258 2162 351 2226; x_wconf 87' lang='lat' dir='ltr'>Medo</span> <span class='ocrx_word' id='word_1_141' title='bbox 380 2163 509 2223; x_wconf 87' lang='lat' dir='ltr'>limnine</span> <span class='ocrx_word' id='word_1_142' title='bbox 532 2164 657 2226; x_wconf 86' lang='lat' dir='ltr'>verrium</span> <span class='ocrx_word' id='word_1_143' title='bbox 689 2164 728 2226; x_wconf 91' lang='lat' dir='ltr'>ad</span> <span class='ocrx_word' id='word_1_144' title='bbox 751 2163 936 2237; x_wconf 81' lang='lat' dir='ltr'>Troianum,</span> <span class='ocrx_word' id='word_1_145' title='bbox 965 2165 1005 2225; x_wconf 89' lang='lat' dir='ltr'>de</span> <span class='ocrx_word' id='word_1_146' title='bbox 1036 2182 1099 2242; x_wconf 86' lang='lat' dir='ltr'>quo</span> <span class='ocrx_word' id='word_1_147' title='bbox 1131 2166 1281 2236; x_wconf 88' lang='lat' dir='ltr'>Horatius</span> 
     </span>
     <span class='ocr_line' id='line_1_20' title="bbox 139 2264 1177 2342; baseline 0.002 -18"><span class='ocrx_word' id='word_1_148' title='bbox 139 2264 219 2342; x_wconf 87' lang='lat' dir='ltr'>Epod.</span> <span class='ocrx_word' id='word_1_149' title='bbox 242 2267 320 2328; x_wconf 90' lang='lat' dir='ltr'>XIII.</span> <span class='ocrx_word' id='word_1_150' title='bbox 351 2267 408 2335; x_wconf 81' lang='lat'>13:</span> <span class='ocrx_word' id='word_1_151' title='bbox 532 2310 538 2319; x_wconf 68' lang='grc'><strong>.</strong></span> <span class='ocrx_word' id='word_1_152' title='bbox 789 2323 794 2332; x_wconf 86' lang='grc'><strong>,</strong></span> <span class='ocrx_word' id='word_1_153' title='bbox 1174 2292 1177 2298; x_wconf 95' lang='grc'><strong><em>·</em></strong></span> 
     </span>
     <span class='ocr_line' id='line_1_21' title="bbox 173 2370 1218 2454; baseline 0.005 -24"><span class='ocrx_word' id='word_1_154' title='bbox 173 2371 216 2430; x_wconf 82' lang='grc'>10</span> <span class='ocrx_word' id='word_1_155' title='bbox 239 2375 369 2431; x_wconf 91' lang='lat' dir='ltr'>manet</span> <span class='ocrx_word' id='word_1_156' title='bbox 393 2370 590 2431; x_wconf 84' lang='lat' dir='ltr'>Assaraci</span> <span class='ocrx_word' id='word_1_157' title='bbox 613 2373 760 2442; x_wconf 92' lang='lat' dir='ltr'>tellus,</span> <span class='ocrx_word' id='word_1_158' title='bbox 785 2388 898 2446; x_wconf 81' lang='lat' dir='ltr'>quam</span> <span class='ocrx_word' id='word_1_159' title='bbox 920 2372 1077 2450; x_wconf 80' lang='lat' dir='ltr'>frigida</span> <span class='ocrx_word' id='word_1_160' title='bbox 1100 2373 1181 2454; x_wconf 77' lang='lat' dir='ltr'>perri</span> <span class='ocrx_word' id='word_1_161' title='bbox 1215 2421 1218 2424; x_wconf 44' lang='lat'><strong>&lt;</strong></span> 
     </span>
    </p>
   </div>
   <div class='ocr_carea' id='block_1_4' title="bbox 126 2471 1377 3778">
    <p class='ocr_par' dir='ltr' id='par_1_6' title="bbox 126 2471 1377 3778">
     <span class='ocr_line' id='line_1_22' title="bbox 208 2471 1279 2560; baseline 0.005 -28"><span class='ocrx_word' id='word_1_162' title='bbox 208 2472 378 2545; x_wconf 82' lang='lat' dir='ltr'>Findunt</span> <span class='ocrx_word' id='word_1_163' title='bbox 394 2471 632 2560; x_wconf 85' lang='lat' dir='ltr'>Scamandri</span> <span class='ocrx_word' id='word_1_164' title='bbox 654 2472 829 2536; x_wconf 80' lang='lat' dir='ltr'>flumina</span> <span class='ocrx_word' id='word_1_165' title='bbox 851 2474 1037 2535; x_wconf 92' lang='lat' dir='ltr'>lubricus</span> <span class='ocrx_word' id='word_1_166' title='bbox 1062 2481 1101 2534; x_wconf 88' lang='lat' dir='ltr'>et</span> <span class='ocrx_word' id='word_1_167' title='bbox 1117 2473 1279 2537; x_wconf 91' lang='lat' dir='ltr'>Simois.</span> 
     </span>
     <span class='ocr_line' id='line_1_23' title="bbox 139 2569 1279 2648; baseline 0.006 -19"><span class='ocrx_word' id='word_1_168' title='bbox 139 2569 186 2635; x_wconf 87' lang='lat' dir='ltr'>Ubi</span> <span class='ocrx_word' id='word_1_169' title='bbox 206 2573 357 2636; x_wconf 89' lang='lat' dir='ltr'>Heinsius</span> <span class='ocrx_word' id='word_1_170' title='bbox 381 2575 490 2637; x_wconf 88' lang='lat' dir='ltr'>maluit</span> <span class='ocrx_word' id='word_1_171' title='bbox 514 2574 578 2635; x_wconf 93' lang='lat' dir='ltr'>dici</span> <span class='ocrx_word' id='word_1_172' title='bbox 602 2574 730 2635; x_wconf 86' lang='lat' dir='ltr'>flumina</span> <span class='ocrx_word' id='word_1_173' title='bbox 752 2574 935 2635; x_wconf 87' lang='lat' dir='ltr'>Scamandri</span> <span class='ocrx_word' id='word_1_174' title='bbox 965 2576 1084 2645; x_wconf 84' lang='lat' dir='ltr'>flaui,</span> <span class='ocrx_word' id='word_1_175' title='bbox 1116 2576 1279 2648; x_wconf 86' lang='lat' dir='ltr'>Bentlejus</span> 
     </span>
     <span class='ocr_line' id='line_1_24' title="bbox 139 2674 1279 2760; baseline 0.002 -23"><span class='ocrx_word' id='word_1_176' title='bbox 139 2679 256 2748; x_wconf 86' lang='lat' dir='ltr'>proni,</span> <span class='ocrx_word' id='word_1_177' title='bbox 280 2677 521 2754; x_wconf 86' lang='lat' dir='ltr'>Peerlkampius</span> <span class='ocrx_word' id='word_1_178' title='bbox 544 2678 636 2754; x_wconf 90' lang='lat' dir='ltr'>puri</span> <span class='ocrx_word' id='word_1_179' title='bbox 659 2674 759 2760; x_wconf 87' lang='lat' dir='ltr'>(quod</span> <span class='ocrx_word' id='word_1_180' title='bbox 782 2675 959 2737; x_wconf 91' lang='lat' dir='ltr'>litterarum</span> <span class='ocrx_word' id='word_1_181' title='bbox 981 2677 1044 2738; x_wconf 88' lang='lat' dir='ltr'>fide</span> <span class='ocrx_word' id='word_1_182' title='bbox 1069 2677 1279 2753; x_wconf 49' lang='lat' dir='ltr'>satis‘proba·</span> 
     </span>
     <span class='ocr_line' id='line_1_25' title="bbox 138 2775 1279 2857; baseline 0.003 -21"><span class='ocrx_word' id='word_1_183' title='bbox 138 2777 189 2840; x_wconf 91' lang='lat' dir='ltr'>bile</span> <span class='ocrx_word' id='word_1_184' title='bbox 217 2782 256 2840; x_wconf 87' lang='lat' dir='ltr'>cf.</span> <span class='ocrx_word' id='word_1_185' title='bbox 278 2781 430 2842; x_wconf 79' lang='lat' dir='ltr'>Arnmian.</span> <span class='ocrx_word' id='word_1_186' title='bbox 456 2780 549 2840; x_wconf 88' lang='lat' dir='ltr'>Marc.</span> <span class='ocrx_word' id='word_1_187' title='bbox 565 2780 641 2840; x_wconf 85' lang='lat' dir='ltr'>XIX.</span> <span class='ocrx_word' id='word_1_188' title='bbox 659 2781 708 2850; x_wconf 78' lang='lat'>12,</span> <span class='ocrx_word' id='word_1_189' title='bbox 727 2781 744 2838; x_wconf 83' lang='grc'>3</span> <span class='ocrx_word' id='word_1_190' title='bbox 775 2775 852 2840; x_wconf 87' lang='lat' dir='ltr'>vilis</span> <span class='ocrx_word' id='word_1_191' title='bbox 876 2786 907 2839; x_wconf 92' lang='lat' dir='ltr'>et</span> <span class='ocrx_word' id='word_1_192' title='bbox 930 2797 1061 2856; x_wconf 83' lang='lat' dir='ltr'>parua.</span> <span class='ocrx_word' id='word_1_193' title='bbox 1092 2778 1150 2840; x_wconf 84' lang='lat' dir='ltr'>llis.</span> <span class='ocrx_word' id='word_1_194' title='bbox 1172 2799 1279 2857; x_wconf 89' lang='lat' dir='ltr'>pura.</span> 
     </span>
     <span class='ocr_line' id='line_1_26' title="bbox 138 2879 1337 2960; baseline 0.003 -21"><span class='ocrx_word' id='word_1_195' title='bbox 138 2879 197 2944; x_wconf 87' lang='lat' dir='ltr'>Stat.</span> <span class='ocrx_word' id='word_1_196' title='bbox 221 2882 437 2955; x_wconf 79' lang='lat' dir='ltr'>ConiectXX.</span> <span class='ocrx_word' id='word_1_197' title='bbox 465 2902 495 2959; x_wconf 84' lang='lat' dir='ltr'>p.</span> <span class='ocrx_word' id='word_1_198' title='bbox 511 2882 572 2943; x_wconf 81' lang='lat'>284</span> <span class='ocrx_word' id='word_1_199' title='bbox 604 2880 858 2960; x_wconf 87' lang='lat' dir='ltr'>posthabendum</span> <span class='ocrx_word' id='word_1_200' title='bbox 886 2888 991 2942; x_wconf 88' lang='lat' dir='ltr'>lamen</span> <span class='ocrx_word' id='word_1_201' title='bbox 1020 2882 1121 2943; x_wconf 84' lang='lat' dir='ltr'>fuisse</span> <span class='ocrx_word' id='word_1_202' title='bbox 1147 2880 1285 2944; x_wconf 79' lang='lat' dir='ltr'>uidetur</span> <span class='ocrx_word' id='word_1_203' title='bbox 1334 2926 1337 2931; x_wconf 83' lang='lat'><em>-</em></span> 
     </span>
     <span class='ocr_line' id='line_1_27' title="bbox 136 2983 1280 3065; baseline 0.003 -25"><span class='ocrx_word' id='word_1_204' title='bbox 136 2986 249 3058; x_wconf 80' lang='lat' dir='ltr'>selei,</span> <span class='ocrx_word' id='word_1_205' title='bbox 274 2986 358 3062; x_wconf 89' lang='lat' dir='ltr'>quod</span> <span class='ocrx_word' id='word_1_206' title='bbox 381 2984 536 3046; x_wconf 90' lang='lat' dir='ltr'>Homerus</span> <span class='ocrx_word' id='word_1_207' title='bbox 560 2985 745 3062; x_wconf 88' lang='lat' dir='ltr'>suppeditat</span> <span class='ocrx_word' id='word_1_208' title='bbox 769 2985 801 3043; x_wconf 89' lang='lat' dir='ltr'>Il.</span> <span class='ocrx_word' id='word_1_209' title='bbox 819 2983 983 3061; x_wconf 73' lang='grc'><strong>11111341.</strong></span> <span class='ocrx_word' id='word_1_210' title='bbox 1001 2986 1069 3046; x_wconf 79' lang='grc'><strong>362.</strong></span> <span class='ocrx_word' id='word_1_211' title='bbox 1093 2985 1156 3047; x_wconf 91' lang='lat' dir='ltr'>Dio</span> <span class='ocrx_word' id='word_1_212' title='bbox 1171 2987 1280 3065; x_wconf 78' lang='lat' dir='ltr'>Chrys.</span> 
     </span>
     <span class='ocr_line' id='line_1_28' title="bbox 136 3083 1280 3166; baseline 0.002 -21"><span class='ocrx_word' id='word_1_213' title='bbox 136 3086 246 3150; x_wconf 80' lang='lat' dir='ltr'>XXXIII</span> <span class='ocrx_word' id='word_1_214' title='bbox 270 3109 298 3165; x_wconf 92' lang='grc'><strong>0.</strong></span> <span class='ocrx_word' id='word_1_215' title='bbox 321 3090 434 3158; x_wconf 63' lang='grc'><strong>4562</strong></span> <span class='ocrx_word' id='word_1_216' title='bbox 472 3085 507 3150; x_wconf 85' lang='grc' dir='ltr'>τὸ</span> <span class='ocrx_word' id='word_1_217' title='bbox 537 3084 653 3160; x_wconf 78' lang='grc' dir='ltr'><strong><em>κάλλος</em></strong></span> <span class='ocrx_word' id='word_1_218' title='bbox 675 3122 717 3132; x_wconf 84' lang='grc'><strong><em>-</em></strong></span> <span class='ocrx_word' id='word_1_219' title='bbox 743 3088 801 3149; x_wconf 78' lang='grc' dir='ltr'>τοῦ</span> <span class='ocrx_word' id='word_1_220' title='bbox 827 3083 979 3166; x_wconf 60' lang='lat' dir='ltr'>Eristos:</span> <span class='ocrx_word' id='word_1_221' title='bbox 1012 3089 1176 3164; x_wconf 87' lang='lat' dir='ltr'>pulchri</span> <span class='ocrx_word' id='word_1_222' title='bbox 1204 3086 1280 3150; x_wconf 85' lang='lat' dir='ltr'>Stat.</span> 
     </span>
     <span class='ocr_line' id='line_1_29' title="bbox 134 3188 1278 3273; baseline 0.002 -24"><span class='ocrx_word' id='word_1_223' title='bbox 134 3190 260 3264; x_wconf 78' lang='lat' dir='ltr'>Coniect.</span> <span class='ocrx_word' id='word_1_224' title='bbox 277 3191 344 3250; x_wconf 90' lang='lat' dir='ltr'>XIX</span> <span class='ocrx_word' id='word_1_225' title='bbox 370 3211 398 3267; x_wconf 91' lang='lat' dir='ltr'>p.</span> <span class='ocrx_word' id='word_1_226' title='bbox 415 3191 475 3252; x_wconf 82' lang='grc'>213</span> <span class='ocrx_word' id='word_1_227' title='bbox 501 3192 537 3251; x_wconf 86' lang='lat' dir='ltr'>cf.</span> <span class='ocrx_word' id='word_1_228' title='bbox 560 3190 647 3267; x_wconf 84' lang='lat' dir='ltr'>Virg.</span> <span class='ocrx_word' id='word_1_229' title='bbox 675 3190 789 3273; x_wconf 82' lang='lat' dir='ltr'>Georg.</span> <span class='ocrx_word' id='word_1_230' title='bbox 815 3188 849 3249; x_wconf 94' lang='grc'>11.</span> <span class='ocrx_word' id='word_1_231' title='bbox 870 3192 937 3251; x_wconf 85' lang='grc'><strong>131.</strong></span> <span class='ocrx_word' id='word_1_232' title='bbox 961 3191 1029 3252; x_wconf 90' lang='lat' dir='ltr'>Val.</span> <span class='ocrx_word' id='word_1_233' title='bbox 1043 3192 1143 3255; x_wconf 75' lang='lat' dir='ltr'>Illaec.</span> <span class='ocrx_word' id='word_1_234' title='bbox 1158 3192 1193 3253; x_wconf 88' lang='lat' dir='ltr'>V.</span> <span class='ocrx_word' id='word_1_235' title='bbox 1208 3193 1278 3252; x_wconf 85' lang='grc'><strong>466.</strong></span> 
     </span>
     <span class='ocr_line' id='line_1_30' title="bbox 133 3291 1377 3389; baseline -0.003 -34"><span class='ocrx_word' id='word_1_236' title='bbox 133 3291 226 3364; x_wconf 81' lang='lat' dir='ltr'>Quint.</span> <span class='ocrx_word' id='word_1_237' title='bbox 241 3295 362 3374; x_wconf 80' lang='lat' dir='ltr'>Smym.</span> <span class='ocrx_word' id='word_1_238' title='bbox 377 3295 426 3354; x_wconf 91' lang='lat' dir='ltr'>Xl.</span> <span class='ocrx_word' id='word_1_239' title='bbox 444 3295 513 3355; x_wconf 77' lang='lat' dir='ltr'>tte.</span> <span class='ocrx_word' id='word_1_240' title='bbox 539 3295 636 3354; x_wconf 86' lang='lat' dir='ltr'>Talel.</span> <span class='ocrx_word' id='word_1_241' title='bbox 652 3293 692 3352; x_wconf 90' lang='lat' dir='ltr'>de</span> <span class='ocrx_word' id='word_1_242' title='bbox 706 3292 891 3353; x_wconf 85' lang='lat' dir='ltr'>Thessalon.</span> <span class='ocrx_word' id='word_1_243' title='bbox 916 3311 946 3370; x_wconf 94' lang='grc'><strong>0.</strong></span> <span class='ocrx_word' id='word_1_244' title='bbox 965 3294 1026 3355; x_wconf 82' lang='grc'>266</span> <span class='ocrx_word' id='word_1_245' title='bbox 1052 3301 1116 3355; x_wconf 89' lang='lat' dir='ltr'>not.</span> <span class='ocrx_word' id='word_1_246' title='bbox 1132 3295 1158 3352; x_wconf 90' lang='grc'>4.</span> <span class='ocrx_word' id='word_1_247' title='bbox 1182 3293 1279 3357; x_wconf 87' lang='lat' dir='ltr'>Theb.</span> <span class='ocrx_word' id='word_1_248' title='bbox 1303 3354 1324 3389; x_wconf 69' lang='lat' dir='ltr'>a</span> <span class='ocrx_word' id='word_1_249' title='bbox 1375 3373 1377 3376; x_wconf 9' lang='lat' dir='ltr'>y</span> 
     </span>
     <span class='ocr_line' id='line_1_31' title="bbox 131 3395 1331 3480; baseline 0 -25"><span class='ocrx_word' id='word_1_250' title='bbox 131 3395 323 3460; x_wconf 74' lang='grc'><strong>10106116</strong></span> <span class='ocrx_word' id='word_1_251' title='bbox 355 3416 383 3472; x_wconf 91' lang='lat' dir='ltr'>p.</span> <span class='ocrx_word' id='word_1_252' title='bbox 409 3397 501 3480; x_wconf 84' lang='lat'>188),</span> <span class='ocrx_word' id='word_1_253' title='bbox 530 3396 712 3458; x_wconf 81' lang='lat' dir='ltr'>bleinelrius</span> <span class='ocrx_word' id='word_1_254' title='bbox 741 3396 855 3457; x_wconf 84' lang='lat' dir='ltr'>Pbilol.</span> <span class='ocrx_word' id='word_1_255' title='bbox 889 3399 968 3458; x_wconf 85' lang='grc'><strong>1641</strong></span> <span class='ocrx_word' id='word_1_256' title='bbox 986 3428 993 3451; x_wconf 65' lang='lat'><em>2</em></span> <span class='ocrx_word' id='word_1_257' title='bbox 1008 3417 1037 3475; x_wconf 88' lang='lat' dir='ltr'>p.</span> <span class='ocrx_word' id='word_1_258' title='bbox 1066 3399 1122 3460; x_wconf 82' lang='grc'>162</span> <span class='ocrx_word' id='word_1_259' title='bbox 1155 3396 1279 3466; x_wconf 88' lang='lat' dir='ltr'>tardi,</span> <span class='ocrx_word' id='word_1_260' title='bbox 1329 3425 1331 3430; x_wconf 96' lang='lat'>·</span> 
     </span>
     <span class='ocr_line' id='line_1_32' title="bbox 129 3499 1279 3576; baseline -0.001 -17"><span class='ocrx_word' id='word_1_261' title='bbox 129 3499 205 3574; x_wconf 85' lang='lat' dir='ltr'>quod</span> <span class='ocrx_word' id='word_1_262' title='bbox 229 3500 268 3560; x_wconf 90' lang='lat' dir='ltr'>ab</span> <span class='ocrx_word' id='word_1_263' title='bbox 291 3499 429 3576; x_wconf 92' lang='lat' dir='ltr'>Hauptio</span> <span class='ocrx_word' id='word_1_264' title='bbox 452 3499 653 3574; x_wconf 88' lang='lat' dir='ltr'>Lehrsioque</span> <span class='ocrx_word' id='word_1_265' title='bbox 676 3515 834 3575; x_wconf 88' lang='lat' dir='ltr'>provero</span> <span class='ocrx_word' id='word_1_266' title='bbox 865 3500 1019 3562; x_wconf 89' lang='lat' dir='ltr'>adscitum</span> <span class='ocrx_word' id='word_1_267' title='bbox 1048 3506 1163 3569; x_wconf 77' lang='lat' dir='ltr'>tanturn</span> <span class='ocrx_word' id='word_1_268' title='bbox 1187 3499 1279 3558; x_wconf 87' lang='lat' dir='ltr'>abest</span> 
     </span>
     <span class='ocr_line' id='line_1_33' title="bbox 127 3601 1279 3679; baseline 0 -21"><span class='ocrx_word' id='word_1_269' title='bbox 127 3607 156 3660; x_wconf 71' lang='lat' dir='ltr'>ul.</span> <span class='ocrx_word' id='word_1_270' title='bbox 178 3602 220 3662; x_wconf 92' lang='lat' dir='ltr'>iis</span> <span class='ocrx_word' id='word_1_271' title='bbox 244 3602 345 3671; x_wconf 90' lang='lat' dir='ltr'>locis,</span> <span class='ocrx_word' id='word_1_272' title='bbox 381 3603 411 3662; x_wconf 92' lang='lat' dir='ltr'>in</span> <span class='ocrx_word' id='word_1_273' title='bbox 436 3601 551 3677; x_wconf 91' lang='lat' dir='ltr'>quibus</span> <span class='ocrx_word' id='word_1_274' title='bbox 575 3617 672 3662; x_wconf 89' lang='lat' dir='ltr'>voces</span> <span class='ocrx_word' id='word_1_275' title='bbox 696 3620 846 3679; x_wconf 90' lang='lat' dir='ltr'>parvus</span> <span class='ocrx_word' id='word_1_276' title='bbox 869 3609 901 3663; x_wconf 92' lang='lat' dir='ltr'>et</span> <span class='ocrx_word' id='word_1_277' title='bbox 922 3602 1061 3662; x_wconf 91' lang='lat' dir='ltr'>tardus</span> <span class='ocrx_word' id='word_1_278' title='bbox 1086 3604 1279 3676; x_wconf 86' lang='lat' dir='ltr'>permutatus</span> 
     </span>
     <span class='ocr_line' id='line_1_34' title="bbox 126 3700 1344 3778; baseline -0.001 -17"><span class='ocrx_word' id='word_1_279' title='bbox 126 3700 195 3764; x_wconf 86' lang='lat' dir='ltr'>esse</span> <span class='ocrx_word' id='word_1_280' title='bbox 226 3705 321 3764; x_wconf 88' lang='lat' dir='ltr'>docet</span> <span class='ocrx_word' id='word_1_281' title='bbox 347 3704 541 3764; x_wconf 90' lang='lat' dir='ltr'>Burmannus</span> <span class='ocrx_word' id='word_1_282' title='bbox 565 3702 654 3764; x_wconf 87' lang='lat' dir='ltr'>Ouid.</span> <span class='ocrx_word' id='word_1_283' title='bbox 679 3705 770 3765; x_wconf 85' lang='lat' dir='ltr'>Trist.</span> <span class='ocrx_word' id='word_1_284' title='bbox 792 3704 839 3764; x_wconf 89' lang='lat' dir='ltr'>lV.</span> <span class='ocrx_word' id='word_1_285' title='bbox 864 3705 892 3773; x_wconf 79' lang='lat' dir='ltr'>t,</span> <span class='ocrx_word' id='word_1_286' title='bbox 919 3704 957 3762; x_wconf 82' lang='grc'>16</span> <span class='ocrx_word' id='word_1_287' title='bbox 986 3722 1014 3777; x_wconf 88' lang='lat' dir='ltr'>p.</span> <span class='ocrx_word' id='word_1_288' title='bbox 1038 3702 1115 3771; x_wconf 75' lang='grc'><strong>613,</strong></span> <span class='ocrx_word' id='word_1_289' title='bbox 1149 3701 1279 3778; x_wconf 84' lang='lat' dir='ltr'>probari</span> <span class='ocrx_word' id='word_1_290' title='bbox 1341 3724 1344 3733; x_wconf 49' lang='lat'>¹</span> 
     </span>
    </p>
   </div>
   <div class='ocr_carea' id='block_1_5' title="bbox 122 3774 1391 4216">
    <p class='ocr_par' dir='ltr' id='par_1_7' title="bbox 122 3774 1391 4216">
     <span class='ocr_line' id='line_1_35' title="bbox 124 3774 1391 4216; baseline -0.002 -352"><span class='ocrx_word' id='word_1_291' title='bbox 124 3803 224 3866; x_wconf 90' lang='lat' dir='ltr'>dicam</span> <span class='ocrx_word' id='word_1_292' title='bbox 247 3811 301 3866; x_wconf 86' lang='lat' dir='ltr'>aut</span> <span class='ocrx_word' id='word_1_293' title='bbox 324 3804 519 3873; x_wconf 88' lang='lat' dir='ltr'>confirmari,</span> <span class='ocrx_word' id='word_1_294' title='bbox 535 3811 582 3890; x_wconf 16' lang='lat' dir='ltr'>‘ut</span> <span class='ocrx_word' id='word_1_295' title='bbox 606 3806 741 3882; x_wconf 84' lang='lat' dir='ltr'>ignavae</span> <span class='ocrx_word' id='word_1_296' title='bbox 766 3801 1013 3881; x_wconf 80' lang='lat' dir='ltr'>significationis</span> <span class='ocrx_word' id='word_1_297' title='bbox 1044 3817 1117 3862; x_wconf 88' lang='lat' dir='ltr'>esse</span> <span class='ocrx_word' id='word_1_298' title='bbox 1145 3774 1391 4216; x_wconf 53' lang='lat' dir='ltr'>arbrtfl</span> 
     </span>
     <span class='ocr_line' id='line_1_36' title="bbox 122 3901 1277 3989; baseline 0.003 -22"><span class='ocrx_word' id='word_1_299' title='bbox 122 3903 333 3989; x_wconf 88' lang='lat' dir='ltr'>(dissentiens</span> <span class='ocrx_word' id='word_1_300' title='bbox 356 3908 394 3968; x_wconf 96' lang='lat' dir='ltr'>ab</span> <span class='ocrx_word' id='word_1_301' title='bbox 418 3907 536 3967; x_wconf 82' lang='lat' dir='ltr'>Iacobo</span> <span class='ocrx_word' id='word_1_302' title='bbox 559 3906 615 3979; x_wconf 84' lang='lat' dir='ltr'>Qu.</span> <span class='ocrx_word' id='word_1_303' title='bbox 638 3903 762 3982; x_wconf 82' lang='grc'><strong>110111.</strong></span> <span class='ocrx_word' id='word_1_304' title='bbox 785 3906 798 3964; x_wconf 99' lang='grc'>1</span> <span class='ocrx_word' id='word_1_305' title='bbox 825 3901 947 3987; x_wconf 86' lang='grc'><strong>0161)</strong></span> <span class='ocrx_word' id='word_1_306' title='bbox 980 3909 1011 3962; x_wconf 90' lang='lat' dir='ltr'>et</span> <span class='ocrx_word' id='word_1_307' title='bbox 1034 3904 1182 3982; x_wconf 84' lang='lat' dir='ltr'>frigidius</span> <span class='ocrx_word' id='word_1_308' title='bbox 1205 3903 1277 3982; x_wconf 86' lang='lat' dir='ltr'>ipso</span> 
     </span>
    </p>
   </div>
   <div class='ocr_carea' id='block_1_6' title="bbox 0 0 1408 4866">
    <p class='ocr_par' dir='ltr' id='par_1_8' title="bbox 0 0 1408 4866">
     <span class='ocr_line' id='line_1_37' title="bbox 0 0 1408 4866; baseline 0 6"><span class='ocrx_word' id='word_1_309' title='bbox 0 0 1408 4866; x_wconf 95' lang='lat' dir='ltr'> </span> 
     </span>
    </p>
   </div>
  </div>
 </body>
</html>
