2828 4866
756 307 798 376 12

200 483 468 544 mediocriter
493 480 756 542 laborantis“
781 479 889 540 dedita
912 496 1011 555 opera
1028 482 1222 544 obtinuimus
1244 485 1369 549 Electt.

150 640 153 645 .
203 587 275 646 Crit.
300 606 329 663 p.
354 587 393 645 44
418 602 485 661 sqq.

759 735 803 828 tt

287 895 319 954 ln
342 893 531 970 corrigenda
556 907 635 951 voce
659 889 734 960 illa,
759 908 840 966 quae
863 893 981 969 legitur
1002 895 1024 953 l.
1052 897 1102 965 32,
1128 898 1181 956 15:

514 1005 516 1008 ⁴
755 994 981 1056 claborum

412 1095 539 1158 Dulce
562 1093 755 1164 lenimen,
787 1095 886 1156 mihi
910 1117 1023 1177 cunque
1046 1101 1161 1159 salve

500 1200 592 1259 Rite
615 1197 781 1259 vocanti

204 1303 335 1377 probata
367 1308 397 1361 et
431 1302 547 1362 Acroni
575 1301 851 1376 Porphyrioniqne
885 1308 916 1361 et
946 1303 1112 1363 Sarbievio
1148 1307 1218 1378 Lyn.
1245 1305 1297 1365 lV.
1328 1310 1368 1369 14

203 1423 231 1480 p.
259 1405 334 1465 165:
359 1406 503 1474 „Laetus
528 1410 561 1462 11
584 1421 681 1480 parvo
705 1402 785 1463 mihi
808 1421 964 1480 cunque
993 1405 1085 1465 dives
1110 1406 1207 1466 Canto
1232 1407 1368 1472 viator“

204 1507 240 1566 11.
267 1510 370 1568 Arntz.
395 1508 459 1567 Cat.
483 1507 563 1568 Dist.
588 1507 610 1576 l,
636 1510 653 1567 11
681 1524 710 1580 p.
737 1506 792 1574 31,
824 1506 888 1566 dici
911 1508 966 1568 vix
989 1514 1097 1583 potest
1121 1515 1236 1584 qrranto
1264 1529 1369 1589 opere

205 1609 291 1669 docti
303 1611 449 1670 homines
463 1609 686 1670 laboraverint.
711 1607 880 1683 Proposuit
895 1609 977 1691 enim
989 1609 1221 1687 Goettlingius:
1236 1612 1369 1683 Quale

205 1713 341 1773 lenimen
364 1713 444 1773 milri
468 1727 642 1786 cunque,
666 1710 855 1770 Hanthalius
878 1710 956 1770 Add.
983 1730 1011 1787 p.
1024 1711 1128 1771 XVlll.
1153 1715 1366 1777 melicum-

205 1832 280 1891 que
303 1823 335 1875 et
360 1817 418 1875 snb
442 1813 511 1886 ejus
544 1815 691 1890 exemplo
723 1814 939 1874 Lachmannus
963 1814 1243 1892 medicumque,
1275 1822 1367 1893 quod

206 1920 369 1995 perplacet
388 1918 543 1994 Hauptio,
568 1916 782 1977 Hamacherus
805 1916 1062 1992 nitidumque,
1086 1917 1365 1982 Hirschfelderus:

203 2021 302 2081 mihi
325 2020 494 2096 ubique,
528 2019 612 2095 quod
641 2019 756 2082 melius
787 2018 905 2078 1111111
933 2019 996 2078 sibi
1020 2020 1146 2080 videtur
1170 2021 1363 2084 Hanthalius

205 2143 233 2199 p.
256 2124 325 2182 lllll
361 2124 408 2183 sic
446 2121 629 2184 scribendo:
665 2121 716 2181 mi
748 2121 1004 2197 ubicunque3
1051 2129 1146 2184 antea
1179 2125 1358 2194 Bentlejns:

207 2223 317 2294 „milri
341 2224 512 2299 cuique,
538 2223 667 2292 salve“,
691 2223 945 2299 Peerlkampius:
975 2226 1055 2286 mihi
1084 2232 1220 2301 tuque,
1252 2239 1358 2298 nuper

204 2326 357 2388 Lehrsius
387 2324 542 2386 mirabilis
573 2325 658 2385 idem
686 2325 810 2386 Horatii
833 2333 938 2388 sector
963 2335 995 2388 11
1019 2328 1105 2400 ejus,
1139 2332 1361 2405 1111111111-

206 2447 287 2491 mam
309 2430 456 2490 canninis
480 2435 602 2506 partem
624 2436 832 2491 commentum
858 2447 932 2492 esse
955 2433 1049 2501 dicit,
1073 2437 1245 2492 corrector:
1266 2430 1364 2502 mihi,

206 2535 372 2608 luxque,
397 2534 501 2604 salve,
525 2534 587 2593 rite
611 2535 770 2594 vocanti.“
824 2533 908 2603 Quos
932 2551 1043 2595 omnes
1073 2534 1189 2594 fefellit
1213 2549 1289 2593 vera
1311 2531 1366 2593 111-

207 2643 291 2696 teras
320 2636 409 2699 libris
439 2636 581 2713 proditas
617 2636 785 2697 ordinandi
817 2637 906 2694 ratio.
965 2635 1024 2705 Qui
1064 2636 1148 2694 enim
1177 2636 1367 2696 recordatus

206 2738 302 2799 luerit
331 2740 455 2800 litteras
486 2756 561 2815 qne
593 2744 624 2799 11
653 2755 695 2798 11
728 2757 790 2798 non
824 2738 927 2796 minus
963 2737 1145 2811 frequenter
1175 2752 1193 2794 a
1221 2736 1368 2801 librariis

207 2849 400 2918 permutatas
429 2844 530 2904 luisse
560 2839 663 2924 (Valg.
696 2860 724 2916 p.
751 2837 844 2921 430),
876 2854 967 2912 qnam
997 2837 1033 2895 ci
1057 2843 1089 2895 ct
1113 2853 1131 2895 a
1154 2831 1202 2916 (ut
1227 2838 1370 2903 civica

207 2953 347 3006 verteret
376 2948 408 3007 in
439 2947 550 3007 avita
581 2952 613 3004 et
643 2942 777 3003 nitida
807 2941 839 3000 in
872 2940 1002 3007 miada
1032 2939 1106 3000 Stat.
1134 2939 1272 3012 Conject.
1299 2945 1368 3006 Vll.

207 3070 235 3127 p.
253 3051 320 3110 185.
344 3050 420 3108 lllll.
445 3067 475 3124 p.
490 3046 585 3130 262),
610 3045 705 3106 facile
728 3044 906 3120 perspiciet
931 3044 1046 3103 lactum
1070 3044 1102 3103 id
1126 3060 1199 3103 esse
1221 3062 1370 3121 cunce,

208 3152 292 3226 quod
327 3150 422 3210 scribi
462 3148 602 3224 oportuit
641 3148 803 3216 ciunce,
841 3163 966 3207 aunce
1002 3146 1035 3207 id
1065 3154 1113 3208 est
1143 3149 1271 3208 amice
1312 3147 1368 3232 (cf.

206 3250 362 3336 XXlllll):

379 3355 404 3412 0
426 3353 553 3412 decus
576 3351 728 3413 Phoebi
753 3359 791 3412 11
814 3353 988 3430 dapibus
1012 3354 1191 3430 supremi

380 3457 515 3528 Grata,
537 3456 721 3528 testudo,
744 3458 873 3528 lovis,
903 3460 1125 3519 claborum

377 3562 503 3622 Dulce
526 3561 720 3631 lenimen,
743 3562 842 3621 mihi
865 3560 957 3624 amica
980 3562 1068 3620 salve

551 3664 639 3725 Rite
662 3665 842 3737 vocanti;

208 3764 399 3827 reddendum
429 3767 514 3828 enim
543 3767 746 3828 testudini
775 3767 851 3835 suit,
889 3765 973 3840 quod
1002 3763 1165 3825 barbito
1195 3779 1368 3839 perperam

207 3870 429 3947 transcriptum
451 3877 508 3930 est.
555 3872 599 3930 Cf.
623 3871 670 3930 lll.
699 3872 747 3940 11,
772 3873 806 3929 a:
831 3868 957 3928 testudo
981 3901 1022 3912 -
1046 3867 1179 3926 amica
1201 3866 1368 3940 ternplis.“

292 3974 383 4035 Licet
405 3972 545 4045 adjicere
568 3971 718 4034 similitor
740 3980 836 4047 atque
855 3971 996 4031 inversu
1016 3971 1049 4030 l:
1073 3969 1283 4031 Poscimur
1308 3983 1368 4045 p'o·

210 4077 304 4138 silum
334 4095 407 4140 esse
431 4097 449 4138 a
472 4077 552 4137 Silio
576 4075 611 4135 ll.
643 4077 699 4145 44,
735 4091 828 4151 quem
858 4073 970 4135 afferre
1000 4072 1183 4149 supersedit
1211 4072 1367 4134 Lebrsins

212 4184 240 4241 d.
264 4181 359 4243 Lllll:
392 4181 646 4252 ,‚Poscimur,
677 4197 704 4238 o
720 4177 848 4250 socii“;
878 4193 1004 4237 versum
1030 4181 1046 4237 5
1071 4181 1175 4236 autern
1205 4175 1367 4239 immerito

212 4286 258 4344 sic
281 4302 299 4344 a
320 4284 460 4360 Borgkio
485 4285 596 4343 Anacr.
622 4301 650 4359 p.
669 4282 729 4342 252
755 4280 966 4356 reprehendi,
990 4287 1023 4339 ut
1046 4296 1064 4338 a
1087 4277 1268 4353 Terpandro
1292 4277 1364 4338 bar-
