2806 4866
658 322 814 398 tte*

111 491 251 563 Quorum
281 491 424 558 locorum
454 498 608 559 rationem
637 499 756 561 habere
785 499 971 578 Seyffertum
995 520 1124 582 quoque
1146 507 1272 584 fugerat

112 613 162 673 ap.
187 597 346 659 Muetzetl.
361 601 441 660 Actt.
464 600 504 661 ad
527 617 579 660 res
599 619 702 679 gymn.
726 605 840 679 pertin.
873 605 953 667 leae
977 623 1006 682 p.
1024 607 1083 667 cet
1109 625 1180 670 eum
1204 626 1273 672 ver-

114 718 180 760 sum
206 701 254 761 sic
274 703 473 764 scribendum
488 720 563 764 esse
578 705 778 767 arbitratum:
802 707 931 785 tingitur
949 709 1087 781 artibus,
1110 711 1177 776 iam
1191 730 1274 775 nunc

115 809 153 864 ut
176 803 320 866 incestos
344 814 416 866 -.“
517 850 520 854 »
1232 823 1236 828 ’

637 1043 753 1139 LXX.

193 1217 317 1288 Quibus
341 1217 386 1279 ita
409 1218 597 1279 deliberatis
620 1224 651 1278 at
675 1219 834 1295 expositis
864 1237 958 1296 quum
983 1222 1062 1284 satis
1085 1222 1207 1300 liqueat
1229 1227 1270 1287 de

121 1334 191 1380 uoce
214 1327 387 1391 mature,
417 1337 511 1395 quarn
533 1321 775 1397 Peerlkampius
806 1322 929 1382 viderat
958 1325 1068 1393 „male
1097 1327 1270 1389 conuenire

123 1440 180 1483 curn
210 1423 434 1496 sequentibus,
471 1423 524 1485 ubi
556 1423 666 1483 eadem
695 1423 787 1501 virgo
816 1424 933 1485 dicitur
967 1421 1104 1488 amores
1127 1429 1269 1492 incestos

122 1525 256 1586 meditari
286 1525 333 1585 de
361 1530 505 1586 tenero
535 1527 702 1603 ungui“,
737 1527 960 1607 explicandum
990 1535 1039 1589 est
1061 1530 1101 1590 de
1124 1529 1268 1602 ejusdem

122 1628 256 1688 carminis
280 1627 424 1690 versibus
444 1629 485 1688 at
499 1645 583 1705 sqq:

322 1730 395 1792 Mox
415 1729 548 1811 kalares
571 1730 731 1807 qaaerit
754 1731 902 1795 adultam

320 1834 400 1896 luter
423 1831 520 1897 martti
542 1832 607 1896 ulna
629 1848 758 1909 neque
782 1834 928 1910 elegit,-

381 1937 454 1996 Cui
480 1936 604 1996 donet
627 1936 889 2012 impermissa
911 1935 1057 2013 raptim
1107 1918 1109 1923 ¹

454 2037 626 2107 Gaudia,

122 2151 188 2210 quos
218 2139 304 2199 idem
332 2139 573 2216 Peerlkarnpius
590 2141 641 2202 ,in
677 2139 937 2200 controversiam-
962 2130 1093 2200 adduxit
1126 2137 1194 2199 his:
1231 2138 1264 2199 in

122 2240 245 2317 vulgatis
280 2260 341 2302 non
383 2233 471 2303 recte
514 2229 707 2312 conveniunt
748 2241 911 2317 quaerit
950 2222 1080 2317 ne‘que
1120 2240 1264 2319 elegit.

122 2339 237 2411 Quaerit
258 2343 402 2415 juniores
425 2361 495 2406 cum
514 2344 636 2418 judicio
661 2351 693 2404 et
715 2342 855 2406 arbitrio.
907 2343 1028 2405 Sinon
1060 2331 1176 2420 elegit,
1205 2345 1264 2405 sed

119 2439 231 2512 jubetur
255 2454 286 2507 et
310 2455 457 2517 vocatur,
480 2465 543 2508 nen
567 2448 644 2508 licet
668 2449 700 2508 ei
723 2458 895 2523 quaerere,
920 2445 976 2505 sed
992 2460 1066 2506 esse
1080 2445 1177 2507 debet
1191 2462 1264 2506 con-

121 2550 194 2608 lcnta
224 2549 321 2612 etiem
352 2565 440 2611 sene.
491 2550 570 2612 Puto
600 2548 903 2627 interpungendum:
943 2547 1029 2608 luter
1057 2549 1162 2609 mariti
1188 2548 1265 2610 vina

120 2665 211 2726 neque
237 2653 368 2730 elegit.“
425 2653 587 2715 Adversus
611 2671 702 2730 qnam
726 2651 1031 2730 argumentationem
1054 2650 1137 2712 nihil
1158 2651 1264 2713 attulit

120 2761 162 2812 aut
188 2753 369 2817 Meinekius
399 2763 453 2816 aut
483 2756 635 2817 Lehrsius
655 2749 696 2832 p.
722 2757 781 2816 CX.
838 2753 902 2815 Sed
930 2753 1014 2813 enirn
1042 2753 1209 2829 multiplex
1232 2758 1264 2811 et

119 2853 243 2917 uariare
274 2859 460 2934 scrupulosa
490 2859 681 2934 relinquitur
709 2859 893 2933 disputatio.
948 2856 1030 2927 Quid
1059 2852 1168 2916 enim?
1199 2872 1261 2931 quo

118 2961 230 3020 landem
255 2968 348 3035 pacto
369 2959 560 3032 juniores
583 2959 744 3021 adulteros
774 2960 941 3022 memorari
962 2958 1108 3034 potuisse
1130 2957 1260 3019 arbitra-

118 3060 207 3124 bere?
237 3080 309 3124 nam
332 3064 360 3126 si
383 3064 606 3141 Peerlkampio
638 3061 823 3132 assentiris,
854 3060 1015 3137 seqnitur,
1045 3060 1078 3121 id
1101 3059 1186 3135 quod
1214 3059 1260 3120 in-

116 3165 327 3226 consideratae
351 3173 400 3227 est
422 3167 629 3234 temeritatis,
660 3172 694 3225 ut
724 3164 996 3226 adolescentulam
1025 3163 1191 3249 suspicere
1215 3161 1260 3223 in·
1324 3197 1328 3206 ι

114 3281 252 3328 cursasse
287 3268 441 3331 adulteris
483 3276 583 3331 semet
620 3270 693 3346 ipsa
728 3267 908 3340 junioribus
950 3263 1042 3349 (‚,se
1080 3249 1260 3327 minores

113 3371 230 3444 quaerit
253 3371 477 3455 adulteros“);
513 3373 563 3433 sin
585 3372 702 3434 Acroni
726 3377 757 3430 et
779 3371 883 3431 doctis
906 3369 1050 3430 omnibus
1080 3369 1184 3430 credis
1207 3369 1259 3431 ad-

110 3473 226 3532 ulteros
260 3473 325 3533 dici
355 3490 434 3535 sene
463 3473 764 3554 natumiuniores,
799 3488 888 3533 mera
914 3463 1062 3547 portenta
1089 3489 1197 3534 narras
1219 3472 1281 3556 ⁶⁶„

110 3574 255 3635 Romanis
278 3576 457 3654 virginibus
482 3595 500 3638 a
522 3578 690 3638 senibus
713 3576 787 3636 duci
810 3576 925 3636 solitis.
959 3573 1041 3647 Quid
1063 3572 1152 3636 tum?
1173 3589 1258 3634 men·

106 3675 193 3738 tione
216 3685 356 3739 maturae
380 3680 516 3756 virginis
545 3680 629 3742 lacta
656 3685 823 3756 poetaene
840 3677 1048 3739 assiliendum
1072 3677 1179 3738 statim
1199 3677 1259 3737 tuit
1364 3738 1367 3743 .

105 3779 140 3840 ad
165 3779 363 3840 notationem
386 3780 527 3858 conjugii
550 3782 749 3842 communi
771 3780 939 3858 flagitio
963 3775 1106 3856 proditi?
1152 3773 1257 3848 Quid?

104 3899 209 3944 nonne
232 3885 392 3960 propositi
421 3884 599 3961 argumenti
626 3883 727 3944 forma
754 3885 816 3944 hoc
846 3883 1036 3960 postulavit,
1067 3885 1100 3939 ut
1122 3879 1257 3956 virginis

105 3981 242 4047 crimina
260 3991 307 4047 tot
326 3987 397 4056 tere
419 3987 568 4064 gradibus
591 3986 879 4065 distinguerentur,
903 3992 979 4060 quot
1002 4000 1059 4044 sua
1072 3981 1258 4056 opinatione

105 4090 195 4150 linxit
220 4090 393 4165 Cruquius:
423 4092 585 4168 „primum
617 4093 656 4152 ab
682 4092 815 4157 infantia
843 4085 975 4149 docetur
1006 4088 1095 4164 virgo
1118 4085 1259 4146 molliter

105 4193 222 4254 saltare
252 4208 433 4268 corpusque
461 4191 607 4254 movere:
643 4195 762 4255 nubilis
799 4193 918 4268 cogitat
948 4190 1087 4250 incestos
1116 4205 1258 4251 amores:
1365 4269 1370 4274 ἱ

105 4300 203 4371 nupta
229 4292 319 4365 jubet
345 4293 489 4367 juniores
518 4296 680 4357 adulteros
710 4295 855 4354 invitari:
892 4291 975 4352 iuter
1000 4291 1117 4369 pocula
1144 4291 1258 4369 deligit

1248 4534 1323 4576 A
