2806 4866
741 317 804 394 174

191 502 223 559 et
258 494 410 573 quidquid
445 495 573 556 deeoris
608 495 667 554 luit
707 501 736 553 et
772 497 803 555 in
837 496 926 556 iovis
959 495 1054 563 filiis,
1096 511 1178 570 quos
1214 491 1355 554 hnmano

190 600 301 679 generi
334 597 535 658 benefecisse
566 599 691 657 tabulae
721 600 841 666 lerunt,
872 604 901 656 et
927 598 958 656 iu
989 597 1030 656 iis
1056 598 1152 668 viris,
1184 613 1244 673 per
1274 614 1354 673 quos

190 712 346 776 tanlquam
372 700 566 760 certissimas
593 713 686 759 verae
712 699 838 760 uirtutis
864 701 990 777 elligies
1014 715 1080 758 rein
1095 700 1271 760 llouranaru
1287 715 1353 759 ere-

191 807 278 866 visse
303 812 334 863 et
357 803 541 863 adolevisse
565 809 848 879 rerumgestarum
874 804 1027 862 meritoria
1050 802 1212 877 proditurn
1238 809 1296 871 est,
1321 803 1352 861 id

191 909 290 969 eluxit
326 908 356 966 in
387 922 536 981 niagno⁴
557 906 755 974 Caesare,
788 906 843 980 qui
866 923 928 965 uno
952 906 1050 964 Jove
1074 906 1205 964 minor
1229 906 1352 964 consul-

190 1013 255 1072 tius
278 1012 317 1070 ab
339 1009 470 1069 Horatio
494 1008 626 1077 dicitur,
662 1025 755 1083 qrrarn
778 1026 796 1068 a
819 1009 941 1069 Seneca
964 1008 1055 1067 Herc.
1081 1009 1150 1068 Oet.
1176 1009 1257 1068 1881
1283 1009 1353 1067 'Al-

192 1114 308 1175 oides
333 1129 406 1171 non
431 1109 533 1170 rninor
556 1112 627 1184 ipso
653 1143 693 1152 -
717 1111 926 1170 l'onante‘⁴
949 1117 980 1168 et
1006 1111 1106 1172 tuot:
1136 1111 1264 1170 Fortius
1280 1112 1350 1184 ipso

190 1216 338 1295 genitore
361 1220 415 1273 tuo
439 1211 618 1270 Fulmina
642 1212 808 1271 rnittes“
833 1209 884 1294 (el.
909 1213 981 1272 Hor.
1008 1232 1034 1271 v.
1061 1211 1126 1296 59).
1180 1213 1219 1273 Et
1244 1213 1349 1272 hercle

191 1314 445 1395 praeclarissimo
475 1314 503 1373 is
534 1320 620 1373 reete
651 1320 798 1373 censetur
829 1315 932 1374 ornari
964 1312 1104 1384 judicio,
1145 1330 1241 1389 quern
1270 1315 1349 1373 nisi

190 1437 262 1495 per
285 1419 445 1479 nornina
468 1417 643 1492 laudesque
666 1416 833 1476 deornm
856 1418 1091 1492 heroumque
1108 1424 1141 1477 et
1158 1418 1346 1478 olarissi-

190 1525 239 1583 nri
268 1521 465 1596 cujusque
495 1521 579 1578 viri
610 1519 737 1578 eundo
768 1538 840 1579 non
869 1519 992 1596 digne
1014 1521 1230 1580 celebrare
1253 1537 1372 1596 possa-

191 1631 287 1702 p'oeta
310 1625 463 1683 videatur.

275 1728 400 1802 Optirno
427 1731 531 1786 autern
555 1724 702 1784 instituto
727 1723 891 1793 Horatius,
917 1731 1083 1800 postquam
1105 1727 1293 1789 incunabula
1313 1743 1349 1797 et
1390 1734 1400 1823 1

190 1833 383 1891 incrernenta
408 1827 532 1887 virtutis
556 1826 678 1902 attigit,
702 1827 800 1903 gradu
823 1843 880 1901 per
900 1829 1052 1888 Mareelli-
1068 1835 1101 1887 et
1124 1831 1212 1901 tulii,
1237 1849 1340 1906 cogno.

101 1984 103 1989 ,
187 1942 290 1994 torurn
321 1934 463 2009 Augusto
492 1929 668 1997 norninurn,
708 1928 819 1988 larnarn
855 1930 937 1990 laeto
968 1931 1008 1990 ad
1038 1949 1192 1992 surnrnurn
1226 1933 1334 2010 gloriae

188 2036 345 2097 eurnulurn
374 2034 539 2110 pervenit,
569 2048 744 2107 magnurn
776 2033 992 2093 Caesarem
1022 2031 1177 2116 (Brouliln.
1200 2037 1284 2111 Prop.
1302 2037 1328 2095 ll.
1365 2068 1398 2123 ¹32

192 2141 274 2209 1,26
299 2157 328 2213 p.
345 2139 409 2215 112).
454 2135 493 2194 Ut
517 2136 569 2194 vel
593 2136 667 2194 hinc
690 2141 861 2210 appareat,
885 2136 916 2194 in
942 2143 1060 2212 quanto
1086 2154 1195 2198 errore
1218 2154 1326 2198 versen-
1361 2124 1400 2225 ΣΗ

187 2250 238 2302 tur
267 2258 335 2300 curn
365 2237 422 2300 alii
452 2245 516 2297 turn
539 2236 809 2297 Mitscherliehius
834 2244 865 2296 et
888 2238 1153 2314 Heynenrannus,
1184 2243 1237 2317 qui
1258 2259 1283 2316 p.
1296 2240 1325 2297 23

189 2343 363 2418 „Juliurn
387 2341 505 2401 sidus
529 2341 680 2400 translate
714 2339 853 2417 gentis
882 2341 1019 2402 Juliae
1043 2345 1218 2420 gloriani
1246 2341 1322 2418 signi·

188 2451 313 2510 ficare“
349 2451 437 2522 putet
465 2459 530 2504 neo
555 2442 633 2502 illud
665 2461 726 2503 non
753 2443 904 2502 concedat
936 2453 1118 2513 „cometam
1145 2447 1230 2507 illam
1250 2445 1320 2516 hujus
1357 2428 1396 2520 ,33³¹

187 2547 405 2612 translationis
434 2563 541 2606 ansarn
573 2552 689 2620 poetae
727 2546 913 2620 praebuisse
944 2548 1080 2608 rideri.“
1140 2549 1235 2620 Quasi
1265 2562 1318 2606 uero
1357 2567 1372 2618 g
1399 2600 1400 2609 ,

188 3573 292 3632 Arntz.
323 3571 343 3630 l.
364 3572 391 3630 d.
423 3575 524 3632 Arntz.
549 3571 721 3631 Mamertin.
747 3572 829 3633 Grai.
854 3576 920 3633 Aet,
945 3575 980 3643 2,
1011 3575 1028 3632 3
1066 3591 1096 3649 p.
1125 3578 1196 3637 6611.
1231 3569 1314 3634 Valui-
1364 3606 1369 3641 3

171 3674 254 3736 Eun
280 3673 373 3747 Hipp.
392 3673 471 3733 1122
496 3693 524 3749 p.
544 3675 615 3734 285.
639 3675 713 3737 add..
733 3675 830 3735 Nonn.
846 3675 881 3734 V.
896 3677 975 3736 208:
995 3671 1124 3754 ’Λονίης
1149 3675 1315 3754 Πολύδωρον

186 3770 356 3857 ἑωσφόρον
378 3767 494 3856 ἀστέρα
518 3772 638 3858 πάτρης
666 3777 719 3855 (ol.
744 3776 816 3837 llas.
841 3778 1008 3839 lirnarion.
1034 3799 1064 3856 p.
1083 3781 1144 3843 119
1158 3782 1228 3862 sip).
1258 3775 1314 3840 l’lul.
1368 3795 1374 3850 ξ

185 3879 400 3940 Marcentes:
437 3879 591 3958 πατρίδος
619 3873 718 3960 ἀστήρ
747 3875 948 3959 Μάρκελλος.
978 3882 1085 3960 Epigr.
1116 3901 1167 3960 ap.
1199 3885 1313 3946 Holsten.
1372 3928 1376 3946 ,

184 3982 293 4057 Steph.
317 3982 380 4056 Byz
415 3997 445 4054 p.
463 3981 536 4041 1152
561 3977 597 4054 ὅς
624 3975 657 4064 ῥ’
675 3976 869 4063 Ἐπιδάμνου
884 3978 1027 4064 ’Ἁστρον
1047 3982 1109 4062 ἔην.
1133 3988 1222 4048 ond.
1243 3983 1313 4045 trist.
1381 4015 1400 4056 2

185 4084 218 4142 ll.
245 4085 320 4143 tat:
348 4082 413 4154 tui,
444 4083 531 4142 sidus
552 4081 712 4155 juvenile,
736 4093 904 4162 nepotes.‘⁴
936 4089 1029 4162 Aput
1053 4088 1128 4150 lllet.
1142 4091 1192 4150 XI.
1215 4107 1243 4166 p.
1256 4084 1314 4148 ill:
1378 4104 1400 4137 κ

183 4185 308 4244 viri-
331 4186 452 4246 vertice
487 4188 721 4260 praenitentes,
763 4205 896 4265 magnae
933 4191 1103 4268 religionis
1140 4201 1261 4255 terrena
1284 4185 1314 4246 si·
1382 4204 1400 4262 a

184 4285 291 4346 dera.“
323 4287 413 4347 Unde
438 4287 492 4363 qui
515 4289 725 4358 „siderum
749 4292 866 4351 olorum
890 4293 1014 4352 decus
1037 4294 1172 4357 diuum
1193 4293 1313 4357 tuliun“
1386 4324 1400 4364 u
