2806 4866
648 298 712 374 tta

136 473 391 544 tttat=42aa
422 494 450 550 p.
469 476 550 536 itt·
588 475 712 535 Etenim
741 484 773 534 ιι1
806 477 878 546 ille,
914 478 968 552 qui
998 481 1134 563 „dicere
1164 499 1261 544 ausus

130 583 163 636 est
182 576 344 653 optimis
368 578 577 653 auspiciis
602 593 641 637 ea
663 579 749 653 geri,
783 594 863 652 quae
895 595 966 652 pro
996 583 1260 658 reipublicae

124 680 238 740 salute
261 686 468 757 gererentur,
492 694 574 753 quae
592 687 701 739 contra
717 681 942 755 rempublicam
964 683 1129 755 terrentur,
1151 696 1262 749 contra

120 781 247 858 auspicia
270 781 345 841 ferri
356 790 374 817 “
401 778 479 861 (Cic.
493 781 533 840 tle
547 779 671 841 Seneet.
687 782 715 850 l,
731 783 804 864 11),
829 781 873 842 ita
883 783 1031 844 Horatius
1045 785 1085 844 (le
1098 788 1261 865 Agrippae

118 884 219 943 virtute
251 882 458 960 pronuntians
490 883 649 958 spectavit
678 883 718 943 ad
749 883 878 943 Homeri
910 886 1004 945 illud:
1038 877 1085 960 εἷς
1114 887 1263 967 olearia

114 983 234 1070 ἄριστος
256 981 446 1068 ἀμύνασθαι
470 989 543 1069 περὶ
566 983 704 1066 πάτρης,
735 1005 797 1061 qno
827 987 907 1047 nihil
939 989 1095 1051 illustrius
1125 993 1260 1055 luit-aut

113 1090 310 1167 pervagatius
338 1090 450 1150 Baelu:
475 1089 552 1149 Plut.
576 1089 682 1165 Pyrrlr.
705 1092 744 1150 86
776 1110 806 1166 p.
821 1091 893 1150 234.
923 1090 1028 1153 Schol.
1050 1092 1121 1154 Eur.
1142 1097 1259 1158 Phoen.

112 1195 174 1254 181.
199 1211 228 1268 p.
250 1193 318 1253 166.
345 1193 404 1253 662
419 1211 448 1268 p.
469 1193 538 1253 168.
562 1193 662 1268 Epist.
680 1193 754 1252 crit.
772 1200 869 1253 nostr.
894 1212 922 1269 p.
939 1194 978 1252 lX
1002 1195 1041 1254 ci.
1065 1197 1165 1258 illota.
1179 1200 1282 1274 Tuta

111 1313 134 1370 p.
156 1298 205 1355 48.
244 1296 381 1356 Demetr.
408 1294 525 1369 Cydon.
549 1294 681 1369 Epist.4
714 1314 743 1368 p.
760 1296 798 1354 36
827 1295 954 1355 platta:
985 1294 1102 1383 Ἕκαυρ
1131 1299 1192 1381 γὰρ
1222 1296 1272 1364 ἄν·

113 1397 185 1460 οὗτοι
202 1398 331 1459 πολλῶν
345 1399 399 1458 καὶ
421 1400 525 1458 καλῶν
544 1390 730 1475 εὐπορήσειε
746 1393 849 1475 λόγων
872 1401 1154 1478 συμβουλεύων
1177 1405 1263 1468 δεῖν

113 1503 167 1578 τῆς
194 1501 394 1581 πατρίδος
421 1490 650 1581 ἀνέχεσθαι
686 1493 805 1581 τύχης
839 1501 875 1559 ci.
901 1501 1061 1563 Octavian.
1086 1507 1198 1569 Manin.
1221 1510 1262 1570 ad

113 1605 207 1679 liquit.
230 1602 329 1662 Melit.
355 1621 384 1678 p.
404 1603 459 1663 tr:
492 1601 573 1671 Quid
598 1604 730 1671 melius,
755 1619 847 1677 quam
871 1621 941 1679 pro
965 1606 1098 1680 patria
1120 1625 1260 1683 procum-

115 1707 183 1765 bere
205 1701 330 1765 lortes‘?
375 1705 589 1774 Victores,
614 1705 692 1764 victi
717 1720 844 1780 semper
867 1706 986 1766 vivetis
1010 1708 1041 1767 in
1065 1722 1158 1770 omne
1173 1713 1261 1772 Τοιο-

115 1809 191 1882 poris
214 1807 339 1868 aeterni
363 1807 532 1882 spatiurn.“
557 1808 636 1867 Barl.
662 1806 787 1866 Heroic.
806 1807 840 1865 ll.
867 1825 895 1880 p.
913 1810 989 1868 312:
1013 1820 1173 1888 exaequet
1196 1829 1260 1874 ve·

117 1918 217 1970 teres
241 1909 424 1969 victoria
446 1910 584 1980 laurus
609 1942 649 1952 —-
671 1909 751 1968 Dum
775 1908 937 1982 patriae
960 1910 1093 1973 tutela
1122 1925 1262 1986 sumus“‚

118 2029 169 2087 qrro
192 2012 268 2073 licet
290 2012 472 2071 seritentiae
495 2017 580 2069 teste
595 2013 660 2080 uti,
685 2011 756 2069 sive
772 2010 944 2087 Agrippam
968 2013 1070 2072 alite
1084 2003 1261 2077 Maeonii

118 2115 302 2175 carminis
321 2115 466 2174 iortem
486 2113 751 2188 hostiumque
771 2113 968 2174 victorem
984 2111 1029 2197 (id
1043 2124 1092 2176 est
1104 2116 1261 2181 Hectoreo

119 2217 211 2277 omine
236 2217 441 2284 militantem,
465 2215 523 2274 sed
545 2216 679 2275 meliore
703 2216 837 2291 potitum
854 2217 1018 2288 lortuna“,
1042 2219 1069 2278 si
1086 2221 1172 2282 abuti
1186 2221 1263 2283 licet

119 2322 212 2380 uerbis
229 2320 263 2379 11.
280 2321 371 2380 Alex.
388 2319 420 2378 X.
447 2337 475 2394 p.
494 2319 526 2398 1)
550 2318 613 2376 dici
638 2325 729 2393 putas
754 2321 824 2377 sive
848 2321 1002 2380 orationis
1026 2322 1261 2396 hancpraesla-

117 2423 249 2484 biliorenr
266 2420 517 2497 descriptionem
534 2436 607 2478 esse
622 2421 715 2479 nobis
728 2420 912 2481 assentiris:
937 2440 1049 2497 quarn
1072 2439 1147 2483 rem
1170 2442 1262 2485 cun·

118 2543 179 2600 pue
193 2524 333 2586 lllaeonii
353 2524 500 2585 carminis
524 2524 630 2583 alite
655 2524 745 2584 lcrox
768 2524 901 2584 navibus
915 2530 969 2584 aut
985 2523 1078 2600 equis
1101 2532 1139 2585 te
1163 2525 1261 2586 duce

118 2629 224 2688 miles
253 2627 428 2705 gesserit.“.
475 2626 655 2687 Maeonii
679 2626 872 2687 carminis
901 2627 988 2686 ales
1019 2627 1117 2704 igitur
1145 2629 1262 2689 intelli-

118 2732 189 2806 gitur
217 2747 329 2801 omen,
365 2731 454 2801 cujus
485 2730 602 2789 mentio
639 2730 674 2789 fit
704 2730 735 2789 in
767 2729 895 2790 Homeri
925 2730 1080 2802 carmine,
1116 2739 1150 2792 ut
1178 2731 1263 2809 apud

120 2837 300 2895 rlmmianum
332 2833 423 2893 Marc.
447 2832 551 2891 XXIV.
576 2836 645 2902 aa
679 2840 744 2891 est:
782 2833 921 2892 catervis
958 2835 1100 2906 peditum
1130 2834 1263 2894 infirmis

119 2938 244 2998 medium
269 2937 351 2995 inter
373 2937 462 2995 acies
487 2935 625 3010 spatium
649 2922 821 2992 secundum
846 2933 1096 2993 Homericam
1119 2935 1262 3009 dispo-

119 3040 301 3100 altionem
326 3037 508 3113 praestituit
518 3047 546 3105 ·‘,
570 3038 617 3096 sic
632 3042 738 3096 autem
754 3034 886 3104 dicitur,
909 3041 943 3094 ut
956 3053 975 3094 a
989 3032 1122 3094 Sidonio
1138 3035 1262 3110 Apolli-

119 3157 182 3201 nare
204 3143 303 3202 Cann.
328 3139 433 3199 XXlll.
451 3139 530 3199 268ε
555 3138 745 3200 carminis
769 3144 865 3214 atquc
887 3137 1060 3197 fabularum
1073 3137 1263 3198 —bilustre

118 3243 281 3305 bellum“
314 3240 421 3325 (quern
452 3243 555 3302 locam
584 3261 653 3302 curn
684 3242 852 3302 Ambrosio
870 3239 904 3298 ll.
936 3259 967 3315 p.
985 3239 1060 3300 llo:
1090 3239 1265 3300 fabularum

118 3343 194 3407 illum
208 3363 344 3408 oenemn
359 3355 503 3420 οοιιιιιιιιι
529 3346 678 3421 componi
697 3349 880 3420 oportuerat
894 3360 912 3401 a
927 3340 1149 3417 Peerlkampio
1165 3343 1264 3405 Germ.

119 3447 134 3505 l.
146 3451 173 3520 l,
190 3451 227 3510 16
252 3468 283 3525 p.
300 3449 338 3507 at
365 3467 425 3508 non
446 3448 566 3508 omisso
583 3448 687 3507 Psello
701 3446 816 3523 Opusc.
840 3460 871 3519 p.
889 3444 960 3512 118,
975 3442 1010 3503 6ε
1045 3434 1134 3505 6τοῦ
1157 3441 1264 3524 μύθου

117 3545 245 3634 Βορρᾶς.
284 3571 313 3627 p.
333 3551 409 3610 tlt:
432 3552 489 3612 τοῦ
518 3551 569 3624 τῆς
597 3546 743 3631 ἱστορίας
772 3549 929 3629 δελφῖνος.
963 3547 1041 3606 Stat.
1063 3547 1204 3618 conjece
1228 3547 1263 3606 X.

118 3671 139 3728 p.
166 3654 238 3737 168)
269 3662 300 3713 et
333 3672 352 3713 a
381 3653 547 3713 Plutarclro
586 3671 648 3712 ιιοιι
679 3653 772 3712 modo
805 3647 841 3710 αἱ
862 3643 1005 3730 Ὁμήρου
1032 3649 1193 3731 Σειρῆνες,
1230 3645 1265 3711 οἱ

113 3745 242 3840 Ὁμήρου
279 3759 357 3818 θεοί
385 3758 524 3831 Lennep.
553 3756 674 3816 Phalur.
698 3755 797 3830 Epist.
821 3754 871 3815 lX.
902 3771 929 3830 p.
955 3754 1003 3814 68.
1028 3754 1056 3812 b.
1090 3746 1217 3832 Φήμιος
1245 3741 1264 3811 6

113 3849 244 3942 Ὁμήρου
272 3860 382 3936 fragm.
412 3877 442 3934 p.
466 3859 535 3917 tta.
572 3857 706 3938 Νέστωρ
735 3856 843 3934 Pelop.
862 3858 909 3918 18.
947 3847 1158 3936 ὅὍμηρικὰς
1186 3847 1266 3924 Ζεύς

111 3957 175 4022 llet
199 3965 288 4023 Orac
315 3964 352 4021 30
386 3979 414 4036 p.
433 3961 492 4020 350
523 3953 699 4043 (Ὄμὴρειοι
722 3963 828 4023 Attal
856 3960 948 4023 Anti.
971 3956 1033 4015 Pal.
1053 3951 1101 4013 XI.
1125 3956 1197 4024 361,
1219 3953 1264 4034 2),

117 4063 269 4138 Σθένελος
293 4066 357 4124 ttut.
382 4064 423 4124 Se
446 4062 551 4139 Ipsum
575 4064 668 4124 Laud.
688 4065 705 4122 l
729 4084 759 4140 p.
776 4066 833 4126 166
866 4062 965 4144 (Varr.
980 4058 1014 4116 Pr.
1029 4057 1114 4117 Ruat.
1131 4057 1166 4116 li.
1186 4050 1217 4126 ⁴3,
1236 4056 1265 4124 1,
1295 4058 1298 4064 ’

117 4183 202 4242 quem
227 4169 275 4228 sic
298 4167 493 4227 correximus
515 4166 604 4244 Valg.
631 4186 658 4242 p.
675 4167 751 4227 tot:
774 4166 884 4240 accipe
904 4174 987 4222 eme
1010 4137 1263 4219 cer'rllornerlco

1062 4262 1097 4321 11
1113 4258 1128 4290 *
