2806 4866
657 270 722 342 tot

105 447 207 514 dicia,
234 459 315 519 quae
339 444 546 506 connubia
568 442 740 505 satellitum
765 462 891 506 suorum
908 453 1069 507 sacrarent
1091 447 1264 525 auspice

105 549 320 626 pugione.“
1236 537 1238 540 ’

193 651 285 721 Quod
315 668 410 727 quum
448 650 494 710 ita
527 649 586 720 sit,
625 667 719 725 quum
755 650 833 711 illud
867 648 1032 721 Bentlejus
1069 667 1267 728 nequaquam

107 754 336 824 edisseruerit‚
367 771 429 830 quo
462 752 589 814 landem
619 759 711 830 pacto
743 752 814 815 fieri
843 753 1002 828 poluerit,
1031 760 1065 814 ul
1087 754 1268 826 Phoebo,

108 872 200 931 quem
224 857 353 933 proprie
377 862 410 916 et
435 855 554 917 usitate
577 856 641 917 dici
664 857 828 932 auspicem
861 861 1038 926 constaret,
1065 862 1111 918 tot
1133 873 1265 918 consen-

109 958 255 1020 tientium
296 958 495 1020 librariorum
537 959 626 1019 turba
671 974 888 1019 successorem
929 958 1019 1019 daret
1059 961 1267 1028 Teucrum,

112 1078 201 1137 quem
225 1062 390 1137 auspicem
414 1060 478 1121 dici
502 1061 602 1122 latina
625 1061 822 1122 consuetudo
846 1079 908 1120 uon
926 1065 1088 1136 pateretur
1110 1056 1163 1142 (ci.
1177 1061 1265 1121 Clau-

112 1165 189 1226 dian.
212 1165 247 1224 B.
272 1163 352 1224 Gild
378 1166 456 1226 500:
485 1163 611 1223 Illius
634 1164 846 1240 auspiciis
871 1163 1024 1224 immensa
1046 1179 1104 1239 per
1126 1179 1267 1239 aequora

114 1269 199 1328 miles
222 1301 264 1313 --
288 1275 413 1344 regor.“
457 1266 541 1328 Cort.
557 1266 719 1327 Lucanll.
740 1268 800 1329 tot
826 1285 855 1342 p.
872 1263 967 1350 lbi),
991 1283 1048 1344 pro
1073 1272 1160 1327 certo
1183 1265 1265 1326 aifir·

116 1386 192 1432 mare
216 1370 319 1430 ausim
342 1370 405 1429 duo
429 1368 502 1439 illa,
526 1384 608 1444 quae
633 1384 672 1430 ex
697 1370 820 1444 aliquot
842 1367 1008 1429 codicibus
1031 1374 1160 1430 enotata
1178 1374 1266 1431 suut:
1371 1428 1374 1431 ,

118 1473 239 1549 auspice
261 1471 423 1532 Phoebo
455 1477 486 1531 et
520 1472 652 1548 auspice
683 1472 816 1532 Teucri
846 1467 994 1554 (quorum
1024 1471 1102 1531 illud
1125 1472 1265 1548 arripue-

120 1580 178 1634 mnt
189 1573 353 1646 Bentlejus
371 1580 402 1634 et
415 1574 596 1635 Meinekius
611 1574 848 1650 Hauptiusque,
863 1575 934 1648 hoc
946 1573 1210 1652 Peerlkampius),
1226 1576 1266 1636 ad

122 1693 167 1736 eos
187 1677 357 1737 referenda
381 1692 454 1736 esse
479 1683 654 1747 auclores‚'
671 1677 725 1752 qui
750 1677 835 1752 quod
858 1676 1058 1737 invenissent
1071 1676 1204 1738 difficile
1226 1678 1266 1738 ad

124 1779 305 1840 enodandum
334 1796 371 1840 ac
403 1779 522 1841 vitiose
554 1779 722 1855 scriptum,
752 1779 784 1839 id
809 1795 937 1854 quoquo
966 1777 1060 1839 inodo
1085 1779 1265 1857 corrigendi

124 1882 261 1958 inpetum
284 1883 456 1959 cepissem.
496 1881 581 1952 Quos
604 1881 689 1942 uude
714 1881 848 1957 primum
866 1881 997 1943 adhoc:
1021 1883 1151 1958 auspice
1166 1884 1265 1943 Teu-

125 2000 191 2055 cro,
218 1984 336 2045 deinde
364 1986 404 2045 ad
435 1985 570 2045 Teucri
602 1983 777 2045 deflexisse
813 1983 998 2058 sensimque
1028 1983 1068 2043 ad
1096 1983 1145 2054 id,
1181 1985 1266 2060 quod

125 2088 245 2147 omnium
269 2093 301 2147 et
323 2088 533 2148 novissimum
557 2092 604 2146 est
621 2092 653 2145 et
669 2087 885 2147 levissimum:
916 2085 1076 2147 Phoebo
1100 2088 1266 2148 aberrasse

126 2186 229 2260 dicam,
252 2190 461 2266 probabiliter
485 2190 627 2266 proferre
652 2189 765 2251 videor
786 2191 864 2251 hoc:
893 2195 931 2250 al
960 2190 1128 2266 auspite
1157 2191 1265 2251 luris

126 2288 164 2368 (cl.
185 2291 344 2353 Claudiam
376 2295 408 2352 L.
441 2290 507 2352 Ser.
533 2293 591 2352 186
629 2309 769 2353 curam.
798 2293 910 2353 Moret.
939 2307 986 2368 ap.
1016 2290 1125 2353 Heius.
1157 2310 1190 2368 p,
1204 2293 1269 2376 92th

106 2394 276 2456 *tenerum
300 2395 337 2455 ct.
354 2393 462 2456 Heius.
486 2396 566 2473 Adu.
583 2395 618 2454 ll.
636 2396 674 2456 19
698 2413 729 2471 p.
746 2396 805 2456 362
831 2401 863 2454 et
885 2394 968 2483 Nott.
994 2395 1105 2455 Catull.
1131 2413 1160 2470 p.
1176 2394 1264 2478 648).

125 2492 177 2564 Quo
196 2499 306 2575 posito
330 2504 361 2558 et
385 2514 539 2558 concesso
563 2500 615 2558 vel
639 2513 678 2560 ea
701 2514 735 2558 re
757 2498 888 2569 ductus,
911 2497 996 2573 quod
1019 2497 1100 2559 nibil
1119 2514 1265 2573 umquam

125 2593 341 2670 permutatione
370 2617 500 2662 vocum.
521 2600 705 2678 auspicii
737 2607 769 2661 et
799 2601 980 2677 hospitii
1016 2600 1175 2662 accidisse
1204 2602 1265 2662 ire·

125 2704 256 2773 queatius
281 2710 312 2763 et
336 2705 377 2764 iis
400 2703 482 2764 locis
507 2704 704 2765 intellectum
729 2712 796 2774 est,
827 2721 907 2779 quos
930 2703 1147 2781 disceptarunt
1169 2704 1263 2765 Heiu-

125 2801 399 2867 siushov.llt.1u
424 2826 453 2884 p.
472 2807 533 2867 ets
558 2812 609 2877 et,
631 2821 728 2881 quem
749 2806 916 2868 laudarunt
932 2807 1127 2868 Burmannus
1149 2808 1265 2868 Lucan.

124 2899 160 2963 lV.
176 2908 230 2968 131
256 2926 284 2984 p.
300 2909 362 2968 bil
387 2914 419 2968 et
442 2907 686 2984 Oudendorpius
709 2907 800 2984 Apul.
825 2906 899 2966 Met.
922 2905 956 2966 V.
981 2925 1011 2983 p.
1028 2908 1100 2977 357,
1123 2908 1264 2969 Draken-

125 3004 257 3071 borchius
280 3011 347 3071 Liv.
370 3010 449 3070 xxi.
473 3012 503 3080 2,
530 3015 558 3079 5,
582 3016 614 3069 et
645 3007 719 3070 aliis
743 3000 867 3078 multis,
895 3013 932 3068 ut
954 3006 1044 3067 Ovid.
1068 3008 1155 3069 Pont.
1169 3007 1218 3068 lll.
1237 3012 1264 3079 1,

125 3105 171 3169 rto
193 3117 224 3172 et
246 3111 343 3173 Nonii
365 3111 526 3182 Marcelli,
557 3128 638 3187 quos
662 3125 851 3186 expromere
879 3128 942 3171 nou
973 3115 1081 3181 vacat,
1116 3108 1264 3185 equidem
1296 3179 1298 3182 Α

123 3225 170 3272 non
191 3214 302 3275 dubito
326 3213 478 3275 librorum
500 3214 671 3280 memorias
695 3229 848 3274 revocare
870 3212 909 3274 ad
932 3213 1015 3273 hunc
1038 3218 1168 3274 statum:

190 3318 255 3378 Nil
280 3317 582 3394 desperandum
606 3319 762 3378 Teucro
783 3316 885 3377 duce
909 3317 945 3378 ad
968 3315 1082 3398 hospita
1105 3314 1207 3405 ituria

122 3411 175 3478 lloc
203 3421 295 3481 enim
310 3421 433 3480 Teucer
463 3438 525 3481 non
555 3426 664 3497 sperat
694 3419 807 3489 modo,
837 3419 895 3480 sed
919 3418 1078 3495 Apollinis
1108 3418 1264 3496 responso

122 3514 206 3582 fretus
243 3521 375 3582 confidit
409 3527 482 3597 post
518 3536 642 3583 errores
681 3522 897 3599 quantoslibet
934 3527 1124 3598 perventum
1158 3522 1199 3582 iri
1230 3523 1261 3582 in

123 3621 252 3684 terram
276 3624 486 3699 hospitam
518 3620 617 3707 (virg.
643 3625 720 3684 Aen.
744 3624 794 3683 lll.
823 3621 908 3708 baa).
962 3622 1137 3701 llospita
1159 3629 1263 3684 aulem

108 3720 160 3814 ¹sic
179 3726 259 3789 dixit
282 3726 450 3796 Horatius,
473 3733 508 3787 ut
530 3727 630 3787 Silius
652 3726 703 3786 VI.
728 3726 805 3786 308:
834 3725 930 3786 durus
960 3726 1085 3787 facilem
1110 3741 1180 3802 per
1205 3724 1263 3785 in-

122 3816 274 3904 hospita
296 3827 414 3888 ducere
443 3827 574 3890 vitam.“
608 3827 657 3887 tv.
681 3828 758 3887 lta:
788 3826 878 3888 ducis
909 3827 1010 3889 nudus
1041 3831 1128 3888 lauta
1157 3825 1265 3886 inter

124 3919 324 4007 inhospita
359 3937 469 3991 vertex
506 3928 650 3999 Saevitia
687 3930 825 4005 quatitur
863 3931 976 3991 coeli“
1015 3928 1122 4012 (quem
1156 3927 1263 4005 omisit

124 4019 254 4093 Barthius
277 4033 353 4093 Stat.
378 4034 475 4095 Theb.
500 4033 548 4093 lV.
573 4033 634 4092 842
658 4051 688 4109 p.
714 4032 820 4118 taos).
855 4117 858 4122 .
