2806 4866
146 1403 197 1495 Ad
222 1434 344 1496 Horatii
382 1434 522 1494 earmina
552 1447 627 1492 vere
658 1432 848 1508 explicanda
875 1451 911 1494 ae
944 1437 1153 1514 perpolienda
1183 1443 1214 1503 in

57 1548 200 1600 veterum
223 1538 497 1615 grammaticorum
522 1536 756 1595 commentariis
778 1542 830 1595 aut
854 1537 927 1597 leve
948 1546 1000 1598 aut
1018 1542 1136 1602 nullum
1160 1562 1215 1620 po-

56 1645 152 1705 sItum
176 1656 250 1701 esse
272 1647 466 1701 momentum
489 1637 587 1697 multa
610 1635 724 1697 videor
752 1637 866 1698 allerre
896 1657 993 1716 posse
1022 1642 1137 1717 quibus
1162 1644 1214 1705 de-

53 1751 226 1805 monstrem
242 1750 273 1802 et
288 1743 421 1804 doceam
437 1739 477 1802 ad
491 1739 734 1816 persuasionem
750 1743 909 1817 apposite.
944 1742 1042 1813 Quale
1060 1753 1108 1806 est
1127 1748 1216 1819 illud,

55 1848 145 1922 quod
166 1847 188 1904 I.
213 1846 286 1914 8‚⁴i
320 1861 389 1903 oum
419 1858 527 1903 omnes
557 1841 630 1902 libri
663 1848 728 1901 tum
759 1842 956 1918 Porphyrion
981 1852 1014 1904 et
1036 1846 1216 1909 Priscianus

59 1948 207 2015 XVIII,
233 1947 271 2004 34
297 1951 328 2003 et
351 1944 456 2003 XVIII.
483 1944 531 2014 10,
556 1945 594 2006 at
620 1950 745 2004 tenent:

102 2065 247 2141 Lydia,
273 2064 594 2139 dioperomues
647 2084 650 2091 ·

143 2169 192 2226 Te
216 2168 316 2227 deos
340 2185 432 2237 oro,
455 2165 629 2243 Sybarin
653 2184 722 2226 our
745 2184 951 2245 properes
974 2170 1142 2232 amando

100 2271 297 2341 Perdere,
321 2288 387 2330 our
411 2270 594 2346 apricum

147 2371 243 2435 Oderit
265 2390 438 2449 eampum
463 2373 631 2449 patiens
655 2373 847 2448 pulveris
870 2381 993 2449 atque
1017 2375 1131 2436 solis.

104 2477 179 2534 Cur
202 2490 330 2549 neque
352 2475 551 2535 militaris

54 2576 57 2580 '
148 2577 259 2637 luter
281 2577 484 2651 aequales
508 2575 690 2650 equitat,
720 2575 884 2638 Gallica
906 2593 978 2637 nee
1001 2577 1156 2654 lupatis

101 2680 313 2755 Temperat
337 2696 406 2738 ora
429 2674 586 2738 frenis?

28 2848 36 2861 ἡ
144 2783 219 2841 Cur
240 2782 359 2841 timet
382 2781 532 2840 flavum
556 2781 738 2841 Tiberim
768 2778 961 2858 tangere?

57 2903 236 2963 Ferendum
272 2903 334 2961 boe
372 2907 520 2977 putarunt
550 2901 731 2974 Bentlejus,
769 2901 963 2962 Schraderus
991 2902 1154 2961 Animadv.
1178 2902 1218 2963 ad

56 3006 135 3064 illus.
160 3005 267 3063 XVlll.
294 3023 322 3080 p.
344 3005 416 3074 312,
440 3004 639 3075 Meinekius‚
662 3004 838 3081 Hauptius‚
862 3022 923 3063 non
948 3004 1024 3063 Item
1046 3004 1218 3064 WIthofius

61 3105 153 3180 Speo.
178 3107 291 3166 Gunth.
316 3125 344 3182 p.
365 3110 404 3168 55
429 3108 615 3187 (Deserit
639 3104 816 3190 eampum),
840 3105 1083 3182 Oudendorpius
1106 3107 1218 3187 (Odit

62 3207 130 3266 hie
160 3211 212 3269 val
235 3209 328 3269 Odit
357 3209 431 3289 is),
463 3210 704 3286 Peerlkampius
737 3206 849 3291 (Odit
872 3210 907 3269 is
937 3243 978 3253 -
1007 3207 1218 3294 impatiens),

59 3311 213 3370 Lehrsius
226 3312 354 3388 p.XLll,
374 3313 428 3387 qui
439 3312 502 3384 jam
519 3313 615 3388 longe
630 3311 835 3370 deterrimum
851 3311 983 3386 protulit
996 3313 1074 3372 hoe:
1098 3311 1219 3383 „Odit

62 3419 98 3471 et
123 3424 298 3490 carnpum.“
336 3414 401 3474 Neo
417 3413 653 3490 probabilitatis
668 3413 839 3488 quidquam
855 3414 952 3473 habet
967 3414 1128 3490 Inceptum
1141 3413 1218 3474 Use-

60 3516 131 3573 neri
148 3515 314 3576 Diomedis
329 3516 553 3591 Victorinique
568 3522 600 3574 et
616 3516 844 3586 Fortunatiani,
862 3516 946 3593 apud
964 3534 1044 3591 quos
1060 3516 1221 3577 invenitur

59 3633 117 3692 pro
128 3632 265 3690 perae,
281 3618 472 3679 auctoritate
484 3617 576 3678 abusi
587 3613 677 3699 (Mus.
688 3619 786 3678 Rhen.
794 3618 900 3678 XXIV.
911 3637 939 3694 p.
951 3618 1043 3702 338):
1064 3618 1220 3695 „Sybarin

59 3719 98 3776 ni
120 3735 307 3795 properas
332 3721 463 3781 amando
478 3719 631 3790 Perdere,
656 3738 710 3779 our
733 3721 874 3797 apricum
891 3720 999 3781 Oderit
1022 3706 1219 3797 eampumit‘
1338 3797 1340 3801 Ι
1363 3777 1366 3784 ,

59 3821 204 3894 Namque
227 3822 338 3882 mutati
361 3824 528 3883 uerborum
553 3823 654 3882 modi:
679 3840 733 3882 eur
757 3820 944 3900 properes
966 3841 1080 3882 -our
1102 3823 1220 3881 timet
1261 3890 1264 3894 Α

67 3922 237 3983 manifesto
261 3925 423 3984 declarant
446 3921 605 4002 duplicem
629 3925 858 3986 sententiarum
881 3926 1024 3985 ordinem
1041 3924 1220 3984 institutum
1385 3924 1387 3928 ‘

62 4038 136 4083 esse
159 4025 192 4083 in
216 4027 300 4085 huno
321 4027 389 4086 fere
411 4028 553 4087 modum:
591 4029 651 4088 Die
681 4045 735 4088 eur
764 4028 896 4088 amando
921 4025 1055 4102 Sybarin
1085 4024 1234 4100 perdere¹
1353 4040 1355 4044 ·

64 4125 278 4201 properes?
323 4127 412 4198 Quod
428 4129 493 4189 nisi
506 4129 598 4200 facis,
621 4147 676 4190 our
690 4131 746 4190 ille
763 4130 905 4205 apricum
920 4143 1063 4202 campum
1086 4125 1100 4184 f
1105 4121 1219 4202 ugit?
1292 4149 1298 4156 ·

42 4215 117 4286 'eur
139 4244 247 4303 neque
269 4232 351 4290 iuter
374 4231 527 4306 aequales
551 4231 698 4292 militaris
723 4232 846 4306 equitat
868 4244 928 4288 nee
951 4227 1073 4301 Gallica
1096 4245 1152 4289 ora
1174 4229 1219 4290 lu·
1237 4225 1252 4246 ⁵
1279 4291 1280 4295 ,

1018 4333 1032 4401 ¹
1144 4333 1221 4445 tt.
