2806 4866
140 476 325 538 Stesichoro
348 480 515 551 sumptum.
560 473 605 535 Ea
627 480 733 534 aulem
756 475 828 550 ipsa
850 477 975 545 tabula,
999 491 1093 550 quam
1118 477 1158 536 ab
1173 475 1279 537 Horatio

141 579 250 640 dedita
273 593 371 655 opera
393 583 568 638 enarratam
591 575 802 650 probabiliter
825 577 947 639 dixeris
972 596 997 636 v.
1023 578 1179 648 33-111,
1196 581 1281 640 babuit
1324 573 1331 611 ³⁴

139 681 297 759 Europam
326 680 357 741 in
391 680 462 754 ipso
486 680 598 739 Cretae
622 679 730 738 liltore
765 679 917 749 „ardenti
940 679 1037 739 corde
1061 713 1105 724 -
1130 683 1282 742 clarisonas
1323 686 1331 713 '·

140 784 322 846 tundentem
345 790 471 841 voces“
495 779 621 862 (Catull.
645 780 698 850 ul,
724 779 818 864 121),
853 783 978 857 qualem
1008 783 1079 843 lere
1104 784 1282 845 lamentatio·
1323 782 1331 816 ³·

141 903 213 949 nem
237 885 365 963 puellae
387 883 418 944 in
441 880 579 944 medium
602 897 689 942 mare
713 889 847 943 evectae
862 883 1048 945 inchoarunt
1064 885 1188 961 potius,
1212 904 1283 961 quan
1322 866 1327 919 i

141 985 311 1065 exsequuti
334 992 406 1046 suut
420 984 570 1046 Moschus
583 983 624 1045 ld.
639 983 675 1044 11.
691 986 871 1047 1311-119
895 992 927 1046 et
951 985 1080 1047 Nonnus
1097 985 1118 1047 1.
1137 989 1283 1049 1211-111
1328 968 1331 991 ²

140 1085 303 1170 ¹parciores
327 1087 392 1158 illi,
420 1094 454 1148 ut
474 1103 547 1147 mea
569 1085 752 1158 conjectura
782 1088 863 1158 lert,
895 1089 1109 1174 scriptoribus
1132 1090 1284 1167 Europiae.
1323 1087 1331 1125 Γ

139 1194 250 1268 Neque
279 1189 330 1250 his
360 1189 611 1262 praetereundus
642 1195 691 1249 est
721 1205 810 1250 error
833 1191 909 1261 ille,
943 1208 1005 1266 qno
1038 1191 1190 1252 inductus
1212 1194 1284 1252 Benl·
1323 1191 1331 1228 3'

140 1293 223 1366 lejus
245 1309 274 1352 v.
300 1293 355 1354 39:

565 1411 612 1454 an
635 1391 711 1457 vltllr
735 1402 939 1456 carentem
1020 1457 1027 1464 ,

477 1495 597 1556 Ludit
621 1496 754 1574 imago

139 1600 339 1662 concubitum
363 1598 470 1674 potius
490 1598 552 1658 boc
567 1597 679 1658 modo:
704 1598 804 1659 vitio
825 1605 985 1659 carentem
993 1608 1011 1636 ‘⁸
1036 1600 1217 1677 significari
1232 1617 1287 1661 ceu·
1326 1582 1331 1639 ἶ

139 1706 203 1766 suit
226 1702 450 1780 persuasitque
469 1717 539 1762 cum
553 1701 628 1762 aliis
642 1707 706 1761 tum
723 1701 946 1779 Peerlkampio
962 1708 995 1762 et
1010 1703 1158 1764 Lehrsio.
1196 1707 1289 1782 Longe
1329 1718 1331 1741 ²

139 1807 233 1869 aliter
256 1805 341 1866 enim
361 1803 563 1864 statuendum
585 1818 660 1863 esse
682 1803 852 1865 manifesto
876 1804 970 1865 docet
993 1803 1068 1881 ipsa·
1082 1805 1162 1877 illa,
1187 1807 1228 1866 de
1241 1824 1290 1882 qua

139 1909 220 1971 uiuit
244 1906 419 1985 explicavit
439 1906 572 1968 latinius
596 1908 615 1966 l.
633 1907 661 1967 d.
686 1925 715 1984 p.
731 1908 790 1976 21,
815 1908 907 1967 orni
930 1909 1050 1969 mentio
1073 1925 1102 1968 v.
1128 1911 1189 1980 58,
1221 1925 1290 1986 quae

139 2029 232 2075 nemo
256 2011 450 2072 dubitaverit
476 2009 552 2085 quin
574 2011 623 2070 illi
647 2010 832 2084 platano,
865 2025 948 2085 clarae
975 2010 1102 2072 labulae
1137 2013 1180 2072 de
1212 2012 1289 2074 loris

138 2114 259 2190 nuptiis
282 2113 490 2189 pervulgatae
519 2112 643 2188 signum
667 2112 825 2172 mansisse
857 2112 957 2172 fertur
985 2113 1155 2190 utriusque
1188 2116 1288 2195 populi

138 2215 351 2278 monumentis
381 2211 475 2296 (Plio.
499 2213 533 2273 N.
557 2213 593 2274 fl.
617 2213 682 2273 llll.
709 2216 737 2284 1,
760 2218 789 2274 5.
823 2214 948 2274 ·Neurs.
977 2217 1058 2277 Cret.
1083 2215 1105 2276 l.
1133 2219 1173 2278 to
1207 2239 1234 2297 p.
1251 2219 1289 2279 38.

138 2319 227 2381 lehn.
251 2318 271 2378 l.
286 2317 314 2377 d.
339 2332 368 2391 p.
392 2318 432 2378 25
448 2315 556 2400 sqq),
587 2316 808 2400 posthabenda
836 2318 875 2376 ab
906 2333 945 2377 eo
974 2318 1086 2389 luerit,
1125 2323 1184 2396 qui
1207 2330 1287 2398 torpe

139 2422 341 2483 commissum
366 2437 392 2479 v.
411 2421 461 2490 39,
483 2419 607 2496 culpam
629 2439 659 2478 v.
673 2421 713 2480 38
737 2420 932 2481 imminutam
954 2421 1141 2497 pudicitiam
1160 2423 1288 2500 intelligi

138 2526 249 2591 vellet.
272 2540 334 2584 non
358 2520 462 2583 vitia
485 2537 597 2597 „quae
609 2523 744 2598 plurima
758 2524 857 2583 menti
870 2523 1040 2585 Femineae
1054 2532 1168 2586 natura
1184 2527 1287 2587 dedit“

138 2623 242 2708 (Orid.
266 2626 338 2686 Met.
362 2624 397 2684 ll.
422 2624 496 2700 211)
526 2624 596 2684 sive
626 2640 795 2685 recensere
826 2627 904 2688 libet
926 2644 982 2698 ea,
1013 2627 1129 2703 quibus
1151 2630 1288 2707 Europae

138 2746 235 2791 causa
263 2728 457 2789 continetur:
489 2727 702 2788 temeritatem
736 2730 863 2803 puellae
895 2736 985 2791 tauro
1015 2732 1060 2791 ita
1091 2732 1287 2800 blandientis,

137 2838 172 2894 ut
195 2838 228 2891 et
249 2830 409 2908 Nymphas
440 2847 499 2890 suo
529 2846 661 2890 munere
690 2831 814 2892 fraudet
840 2839 873 2893 et
896 2833 1051 2894 intextam
1075 2835 1173 2895 sertis
1201 2852 1288 2909 cornu

137 2942 246 2997 teneat
269 2933 432 3006 „inscia
455 2935 631 3010 culpae“
655 2929 799 3015 (Anthol.
825 2937 889 2996 Lat.
914 2935 935 2994 1.
962 2938 1012 3006 11,
1036 2936 1107 3020 211),
1132 2939 1287 3014 impuden·

137 3041 213 3101 tiam
236 3037 447 3114 relinquentis
470 3037 604 3113 patriam
627 3043 661 3097 et
684 3043 835 3114 parentes
860 3034 946 3119 (lior.
971 3057 999 3096 v.
1024 3041 1064 3101 11
1089 3057 1136 3116 sq.
1175 3042 1285 3103 Mosclr.

137 3140 173 3201 ll.
200 3141 269 3203 112.
307 3140 406 3201 Nonu.
430 3140 451 3199 l.
478 3137 570 3222 131),
600 3139 765 3200 levitatem
796 3139 827 3201 in
852 3142 1149 3217 praesentissimum
1172 3146 1286 3218 pericu-

137 3244 200 3305 lum
231 3243 403 3320 prolapsae
440 3238 528 3323 (lior.
559 3241 668 3327 1211)
706 3249 739 3302 11
769 3259 843 3304 sero
861 3242 1014 3321 conjugii
1041 3243 1168 3316 jamjam
1199 3241 1285 3307 lutari

137 3346 297 3408 infamiam
320 3351 511 3423 auguratae,
535 3346 620 3420 quod
644 3345 773 3422 quidem
787 3347 903 3407 malum
919 3347 1116 3424 significatur
1139 3355 1174 3408 et
1196 3369 1227 3408 v.
1240 3351 1285 3408 il:

136 3447 375 3524 mediasque
408 3448 577 3509 fraudes
600 3454 633 3508 et
656 3468 685 3507 u.
710 3450 765 3509 llll:
796 3449 1009 3523 dominaeque
1032 3449 1114 3510 tradi
1137 3451 1285 3513 Barbarae

136 3553 258 3626 pelex
282 3557 315 3611 et
347 3568 376 3610 v.
401 3555 456 3612 55:
495 3557 625 3613 tenerae
648 3552 869 3627 praedae“‚
907 3551 995 3623 cujus
1026 3569 1137 3613 versus
1169 3561 1285 3615 senten·

136 3654 213 3715 tiam
241 3669 301 3714 nec
334 3655 416 3715 alius
446 3655 615 3730 quisquam
647 3669 724 3715 vere
754 3655 839 3730 cepit
862 3670 922 3714 nec
944 3655 1217 3718 Nitselrerlichius
1240 3663 1287 3718 ant

136 3755 373 3833 Peerlkampius
397 3763 428 3816 et
454 3757 509 3832 qui
523 3755 815 3816 mira-obtrectandi
833 3757 1011 3832 cupiditate
1024 3759 1173 3829 exsultat,
1197 3762 1286 3821 Lehr·

135 3858 213 3919 eius.
258 3857 356 3928 Quasi
378 3874 454 3919 vero
478 3858 611 3919 difficile
633 3857 672 3919 ad
696 3857 954 3935 investigandum
977 3860 1074 3920 luerit
1096 3861 1159 3920 hoc
1181 3862 1286 3924 11111-

135 3977 215 4037 ropa
237 3960 318 4021 dici:
353 3961 502 4037 quoniam
531 3960 595 4020 sibi
617 3959 730 4020 tauri
753 3960 930 4038 praedae
952 3963 1056 4024 iactae
1089 3960 1195 4045 (Ouid.
1219 3964 1285 4024 Met.

135 4061 173 4122 11.
196 4063 273 4123 813ε
296 4064 461 4139 mediique
483 4078 542 4137 per
564 4076 705 4136 aequora
727 4045 817 4138 ponti
839 4063 912 4123 Fert
934 4066 1156 4140 praedam.“
1191 4065 1285 4125 Noun.

135 4163 156 4223 1.
182 4165 259 4226 132:
282 4163 385 4251 ταύρῳ
399 4163 541 4246 *Ἄραψ
558 4165 614 4225 καὶ
635 4164 777 4248 ateriae
798 4168 868 4239 καὶ,
892 4160 936 4240 ὥς
957 4167 1075 4246 δοκέω,
1097 4162 1284 4252 παρακοίτῃ)

133 4266 360 4331 tabescendum
383 4267 496 4331 sitire
517 4271 614 4340 atque
637 4264 767 4338 dolore,
791 4275 954 4346 praestare
978 4285 1014 4329 se
1037 4270 1140 4331 adhuc
1163 4271 1283 4347 specio-

120 4334 197 4568 1
