2806 4866
146 455 249 516 'faciti
272 457 350 517 Anu
375 458 438 517 XV.
465 460 518 518 at:
547 457 609 520 Uni
639 477 679 521 ax
712 462 768 521 illo
792 464 1157 525 contaminatorum
1180 482 1303 543 grege

144 559 176 618 in
202 560 327 620 modurn
352 561 542 622 solemnium
564 562 783 641 conjugiorum
807 564 1039 641 denupsisset“
1075 565 1126 647 (cl.
1149 568 1301 629 Arnmian.

141 660 236 722 Marc.
262 661 369 723 XVlll.
402 667 430 733 b,
455 665 490 723 l:
527 671 657 726 auctore
683 672 868 726 -coetu
899 668 1176 754 spadonum“),
1209 685 1301 746 quem

137 762 205 836 jam
242 764 337 825 video
375 773 461 826 certe
498 784 517 827 a
552 767 698 840 Bentlejo
735 788 796 830 non
832 772 1102 847 praetermissum.
1156 772 1202 832 Ex
1237 789 1300 846 quo

139 868 214 928 loco
231 885 248 927 a
263 874 374 928 vetere
396 871 602 947 grammatico
625 872 757 932 adscitis
773 879 821 942 ct,
845 889 907 948 qua
930 875 1076 951 leguntur
1098 890 1196 934 vocas
1220 892 1301 935 cum

136 985 281 1048 grege,
330 972 559 1048 superscriptis
603 973 725 1034 verbis:
772 976 1136 1036 contaminatorum
1176 991 1300 1052 grege

135 1068 241 1155 (quae
264 1079 326 1133 tam
349 1075 438 1134 tenui
461 1074 644 1136 discrimine
659 1079 697 1137 ab
713 1078 800 1138 istis:
825 1079 1037 1139 contaminato
1061 1094 1144 1138 cum
1167 1094 1267 1154 grege
1278 1088 1298 1113 ‘⁴

135 1182 345 1250 separantur,
379 1176 409 1235 id
433 1183 467 1237 ut
490 1177 591 1256 fugiat
614 1180 732 1266 aciem)
756 1181 930 1250 accidisse,
958 1188 993 1241 ut
1017 1181 1102 1257 quod
1125 1196 1201 1240 vere
1225 1198 1297 1242 con-

135 1280 300 1357 signatum
324 1288 411 1341 essct
435 1285 734 1356 conaminolto,
765 1286 900 1346 subinde
932 1291 1070 1346 t'ertcret
1101 1287 1132 1345 in
1157 1292 1295 1346 conta-

135 1383 312 1453 minato,
343 1391 375 1442 et
406 1386 563 1461 suspicari
587 1387 618 1446 in
643 1389 793 1465 expedito
825 1386 929 1448 est'et
953 1405 992 1448 ao
1017 1387 1143 1448 facilius
1166 1397 1296 1463 persua-

96 1472 99 1477 *
132 1485 218 1545 dere
242 1486 368 1558 videor,
393 1488 477 1563 quod
501 1496 666 1565 utramque
689 1508 817 1552 vocem:
847 1492 1057 1552 conamine
1080 1493 1162 1553 alto
1186 1506 1296 1566 parurn

95 1584 105 1589 ··
132 1587 269 1648 uicena
300 1588 493 1667 intelligitur
521 1568 571 1652 ιι·
588 1593 744 1653 tactuum
774 1594 846 1654 1000
870 1593 946 1654 sm.
972 1594 1069 1653 rues.
1093 1592 1129 1652 ιι.
1159 1593 1218 1660 ιι,
1254 1592 1294 1651 ue

128 1707 199 1764 vquo
233 1690 314 1750 llaec
343 1692 494 1753 librorum
523 1695 676 1754 memoria
705 1695 847 1754 variare:
890 1700 1051 1763 conata,
1088 1699 1293 1754 contame-
1386 1726 1391 1735 ›

105 1800 241 1863 nata,
273 1796 639 1858 contaminihinata
671 1797 836 1857 docuimus
861 1797 893 1856 in
916 1796 1028 1858 Sinide
1049 1797 1144 1857 ttts
1183 1813 1212 1871 p.
1239 1794 1290 1855 ld.

137 1892 218 1987 §laid
243 1904 347 1957 autern
371 1899 437 1957 his:

350 1999 502 2063 dono-lue
525 2002 584 2062 alto
608 2018 689 2060 cum
712 2015 836 2078 grege
858 1999 1037 2076 turpium

353 2101 487 2162 Morbo
510 2102 686 2162 virorum
710 2102 920 2179 quidlibet
938 2088 1145 2178 impotens

414 2205 586 2280 Sperare

135 2306 308 2367 dilucidius
332 2315 364 2367 et
386 2308 426 2368 ad
450 2309 741 2378 consummandam,
765 2324 847 2384 quae
861 2308 986 2368 verbis:
1009 2324 1077 2367 cum
1093 2323 1191 2384 grege
1207 2309 1292 2383 turpi

133 2408 347 2484 quidlibet
370 2411 575 2487 impotens
599 2419 797 2487 sperare“
821 2411 1006 2478 inchoatur,
1030 2409 1222 2468 sententiam
1245 2409 1290 2468 in·
1356 2397 1359 2401 ’

132 2512 284 2571 structius
314 2512 378 2572 dici
405 2519 510 2589 potest
534 2512 652 2587 quidve
683 2511 839 2589 integrius
863 2517 895 2570 ct
917 2511 1036 2571 latinae
1068 2508 1291 2570 consuetudini

95 2630 107 2719 p·
132 2612 402 2675 convenientius?
428 2633 520 2690 quam
544 2614 809 2676 consuetudinem
832 2615 911 2676 satis
936 2619 984 2672 cst
1008 2619 1203 2674 monstrasse
1216 2611 1291 2673 Silii

128 2717 212 2778 ‘locis
238 2717 300 2777 Vll.
325 2718 398 2778 142:
439 2734 600 2779 exacuens
625 2720 714 2780 varia
743 2718 782 2779 ad
806 2716 1017 2786 conamina
1039 2722 1205 2776 ruentem“
1236 2712 1290 2798 (cf.

130 2820 179 2879 lll.
197 2821 276 2879 331:
300 2818 380 2879 tanti
395 2821 520 2896 pondus
535 2821 720 2881 conaminis.
739 2823 810 2882 365.
826 2820 890 2880 llll.
907 2821 968 2880 405
992 2819 1158 2879 conamina
1172 2818 1289 2892 coepti.
1365 2854 1370 2863 -

130 2921 151 2980 l.
175 2924 233 2983 33:
257 2922 471 2983 conamine
495 2924 616 2999 primae
640 2926 780 2983 Contuso
804 2938 939 2999 pugnae.
956 2922 1005 2980 tx.
1023 2922 1100 2981 oto:
1124 2919 1290 2978 conamine
1384 2971 1389 2981 .

128 3026 226 3085 ducto
249 3025 448 3085 Avertith.
464 3027 539 3086 350:
563 3025 680 3085 cristae
704 3024 864 3085 Hostilem
885 3023 1021 3083 tremulo
1047 3022 1173 3098 pulsant
1197 3036 1288 3079 cona-

128 3129 217 3188 mine
241 3128 385 3188 lrontam.
409 3127 477 3189 Stat
510 3127 796 3189 maurulum:
831 3127 898 3187 Huc
926 3127 1052 3187 laceros
1081 3129 1168 3184 artus
1198 3121 1288 3182 socio

128 3232 299 3292 conamine
335 3238 470 3307 portant.
502 3231 662 3291 Claudian.
686 3230 727 3290 lV
751 3232 782 3290 C.
814 3230 892 3290 Hon.
922 3231 1000 3289 oro:
1035 3234 1141 3288 tantae
1171 3243 1288 3285 cona·

127 3335 234 3394 mina
257 3332 371 3394 classis
396 3370 435 3379 -
461 3335 579 3410 primus
606 3333 748 3393 contudit
770 3342 903 3393 annus.“
940 3333 1021 3390 Coit.
1035 3333 1149 3389 Lucan.
1163 3327 1212 3387 Vl.
1226 3328 1287 3387 286

128 3456 158 3514 p.
185 3434 264 3520 dil)
294 3438 326 3496 et
356 3436 445 3497 xvlt.
472 3439 549 3497 540:
573 3435 676 3496 victor
700 3444 732 3496 et
754 3435 831 3495 atti
854 3435 920 3495 Jam
943 3450 1073 3508 cornpos
1096 3433 1210 3492 uoti“
1234 3432 1246 3510 (
1267 3431 1287 3490 l.

126 3539 402 3600 sennodum:
430 3523 563 3616 nuqlro
587 3546 714 3599 moveto
742 3536 860 3597 truntor
875 3536 998 3612 vulgari
1028 3536 1164 3596 attius.
1199 3534 1312 3612 virgg

103 3635 110 3642 ’
128 3641 245 3716 Georg.
259 3639 308 3700 Ill.
323 3642 372 3700 42.
397 3641 470 3701 Sall.
486 3642 577 3701 Catil.
590 3641 625 3699 V.
642 3644 674 3700 5:
698 3639 792 3698 nimis
812 3639 895 3698 alta
909 3653 1036 3713 semper
1049 3640 1205 3714 cupiebat.
1230 3639 1285 3698 Sil.

126 3744 191 3804 XV.
206 3743 284 3802 ott:
309 3727 424 3820 coepta
438 3744 581 3830 ardna“).
605 3741 747 3810 Favebit,
764 3741 868 3810 credo,
885 3741 1013 3817 incepto
1027 3749 1136 3802 nostro
1150 3741 1287 3800 maxime

125 3846 185 3906 Ad.
210 3846 355 3906 Stahrius
385 3847 538 3921 mirificus
568 3848 631 3908 iste
656 3846 844 3920 Cleopatrae
876 3844 1035 3914 laudator,
1071 3844 1125 3918 qui
1157 3841 1284 3917 quidem

125 3954 160 4008 ut
183 3948 346 4024 Propertii
369 3964 495 4010 carmen
517 3949 566 4009 lll.
592 3951 610 4009 9
634 3946 857 4007 vehementius
881 3962 982 4022 nuper
1004 3944 1216 4020 vituperavit,
1241 3943 1286 4003 ita

124 4056 305 4112 memoratu
334 4051 554 4129 dignissimum
587 4052 706 4128 Glycao
735 4050 952 4110 testimonium
988 4047 1155 4124 praeteriit
1183 4046 1284 4107 hocce

123 4153 252 4214 Annali.
274 4154 292 4212 l.
316 4155 443 4230 p.,112,
470 4153 721 4236 1Ἱτ’βασιλικῶς
739 4144 955 4228 ἄποθνῆσκει·
980 4153 1034 4211 καὶ
1056 4147 1116 4229 γὰρ
1139 4149 1286 4228 λέγουσιν

122 4249 220 4329 αὐτῆς
241 4247 412 4338 εὑρεθῆναι
441 4253 506 4334 τὴν
534 4255 674 4330 δεξιὰν
701 4261 819 4336 χεῖρα
849 4252 1112 4333 ἐπικειμένην
1141 4256 1186 4345 τῇ
1215 4275 1282 4315 κε·
1335 4319 1348 4339 7,
