2806 4866
478 302 570 373 -rtt

186 401 445 535 prul).
461 471 485 543 i,
501 475 530 553 2,
562 497 624 556 qua
645 484 801 564 Propertii
827 512 950 559 versum
971 502 1020 561 tv.
1036 507 1065 576 6,
1081 511 1118 568 bt

382 573 565 642 subtilius
589 592 817 678 exponemus),
846 598 989 664 Bacchus
1012 615 1117 670 autem

431 675 557 744 ·÷t.-xv.
581 688 620 759 19
654 691 692 751 ef.
718 693 789 756 Hor.
813 718 841 756 v.
865 701 921 784 56)
950 704 1113 772 domuisse

480 802 494 842 s
517 787 624 853 fertur.

554 1013 626 1110 'Vi

631 1216 634 1221 '
663 1210 762 1280 deos,
793 1213 897 1288 iuquit
921 1236 950 1293 p.
970 1221 1025 1291 18,
1049 1225 1102 1284 he-

676 1330 733 1372 ma
760 1319 893 1391 stropha
917 1323 1104 1395 praedicare

730 1419 913 1479 memoriam
937 1442 1038 1507 usque
1063 1431 1102 1489 ad

749 1520 806 1577 ‘ms
823 1524 914 1593 quasi
930 1527 1100 1599 primariae

792 1632 1006 1697 esementur,
1036 1639 1099 1692 tam

857 1725 944 1794 Quae
969 1733 1097 1803 quidem

640 1868 665 1891 „,
700 1842 758 1882 uos
783 1827 827 1884 ita
850 1828 1013 1903 disputata
1037 1837 1097 1895 sci-

542 1928 623 1978 Actt.
654 1904 694 1982 ad
725 1929 831 2001 Antiq.
868 1932 950 1989 stud.
982 1940 1096 2010 pertin.

385 2061 398 2075 ,.
422 2025 461 2076 ue
486 2018 629 2088 ejusdem
653 2024 784 2102 Hauptii
815 2034 976 2094 sententia
999 2045 1095 2113 atque

105 2149 135 2202 k
279 2135 510 2195 eynemauuus
538 2135 780 2200 argumentatur
811 2148 840 2205 p.
865 2135 917 2194 18:
959 2139 1094 2204 Tollitur

105 2258 133 2312 ι
231 2222 390 2292 per-tecm
422 2225 613 2298 epocharum
643 2228 844 2309 distributio,
875 2237 903 2295 si
934 2249 1007 2314 post
1038 2246 1092 2306 Ca-

125 2268 203 2354 *q
262 2297 302 2386 ari
333 2327 532 2401 superiorum
561 2335 737 2403 temporum
775 2339 958 2398 memoriam
986 2344 1091 2407 denuo

105 2365 146 2421 Q
219 2427 423 2500 praesertim
446 2428 510 2487 ista
531 2429 601 2488 rudi
625 2430 850 2509 indigestaque
874 2442 958 2500 mole
985 2461 1089 2506 exarn-

107 2566 123 2582 ,
201 2513 244 2587 X
276 2540 307 2593 et
336 2531 377 2590 m
406 2531 550 2606 strophis
585 2537 706 2591 temere
738 2537 974 2608 profunduntur.
1025 2548 1090 2610 lmo

105 2583 145 2646 Χ
213 2627 288 2697 teto
320 2634 469 2695 continuo
500 2632 697 2704 subjunctam
719 2645 816 2712 poeta
840 2659 928 2704 suam
952 2657 1090 2713 aetatem

159 2714 185 2776 ἶ
229 2755 312 2816 quoe
332 2739 473 2798 ¹liberam
498 2720 726 2811 rempublicam
750 2750 860 2804 secuta
884 2747 942 2819 sit,
975 2755 1088 2815 Caesa-

141 2809 231 2901 l9:
268 2843 333 2903 tam
365 2856 439 2899 vero
469 2840 508 2899 ab
537 2840 681 2898 universi
711 2846 860 2906 carminis
895 2851 1005 2913 indole
1037 2859 1087 2915 vet

105 2911 252 3016 anet,
284 2944 367 3020 quod
389 2941 568 3009 Fabricius,
601 2941 731 3011 Curius,
756 2946 906 3008 Camillus
928 2959 1088 3028 tamquam

105 3029 285 3132 0195920„
308 3045 455 3118 exempta
476 3050 705 3114 memorantur,
735 3063 866 3121 qrrorum
896 3057 1086 3117 auctoritate

105 3137 319 3212 ssrtitudinis
349 3151 567 3225 paupertatem
607 3163 680 3207 asse
709 3154 944 3226 comprobetur.
998 3156 1085 3229 Quod

105 3269 111 3290 ι
150 3251 272 3314 chriam
295 3251 402 3327 potius
433 3248 623 3308 rhetoricam
647 3252 698 3309 vet
724 3253 762 3311 ad
786 3271 906 3315 morum
930 3259 1087 3323 laudatio-

105 3349 214 3425 nebit,
240 3358 271 3416 iu
295 3357 356 3414 hoc
379 3359 465 3413 carte
490 3352 644 3422 camnine,
674 3369 736 3427 quo
767 3356 842 3416 clari
874 3359 935 3418 viri
966 3363 1087 3439 simpli-

105 3461 212 3528 autur‚
250 3459 367 3519 nultum
390 3473 519 3531 prorsus
544 3456 646 3515 locum
671 3457 783 3526 babet,
807 3461 863 3518 sed
887 3466 1086 3544 umbratilem

1113 1798 1122 1826 Ι

105 3558 212 3620 stiram
236 3560 497 3621 exercitationem
515 3558 669 3618 redolet.“
695 3577 724 3634 p.
739 3557 794 3621 20:
815 3549 1012 3644 'intelligitur
1029 3590 1087 3634 uec
1129 3611 1131 3616 ·

107 3683 120 3724 s
150 3670 221 3724 octo
253 3680 365 3723 versus
394 3663 433 3727 ab
462 3662 536 3735 ipso
565 3661 702 3737 scriptos
733 3679 806 3724 esse
837 3676 934 3743 poeta
957 3678 988 3729 et
1013 3687 1086 3730 esse

105 3768 209 3829 tastico
242 3768 350 3827 colore
380 3766 424 3826 ita
453 3749 606 3834 iniectos,
637 3772 671 3827 ut
699 3769 739 3846 ab
771 3770 879 3844 atiquo
904 3774 1083 3848 magistetlo

105 3873 140 3932 nii
170 3872 273 3946 gratia
303 3871 383 3930 ruale
414 3868 519 3960 adsuti
550 3871 672 3944 iiqrrido
707 3880 940 3947 corupar·ea11t.“
984 3875 1084 3937 Vides

107 3975 179 4035 titer
210 3974 236 4032 is
266 3974 416 4041 affirmet,
455 3973 510 4047 qui
547 3989 607 4034 noc
644 3975 683 4034 de
713 3974 909 4044 Quintiliano
942 3984 973 4035 et
1004 3978 1083 4041 Silio

105 4078 201 4145 ravit,
234 4095 364 4151 quorum
395 4075 450 4134 ille
480 4093 591 4137 versus
622 4080 661 4138 tu
693 4094 760 4150 sqq.
800 4076 974 4138 testimonii
1013 4082 1083 4143 loco

110 4199 124 4239 c
149 4196 187 4240 en
212 4200 239 4237 o.
259 4182 296 4239 ut
323 4181 454 4255 repetiit
478 4181 571 4241 iilud:
599 4178 773 4252 Prodiga
793 4180 875 4254 *germ
898 4183 1082 4243 auimae“

114 4285 218 4360 ipsum
240 4283 533 4343 Drakenborchium
557 4278 672 4359 tugitl.
690 4278 750 4340 225
781 4284 886 4376 ¹¹²²:
917 4303 979 4346 nou
1003 4286 1084 4368 fugit
