2806 4866
645 327 738 398 -171

135 521 202 563 mus
218 510 266 575 ‘et
295 503 329 562 in
350 500 501 562 Emendd.
525 501 615 576 Prop.
632 502 655 571 i,
672 501 701 572 2,
734 517 796 577 qua
817 500 975 576 Propertii
1000 517 1125 559 versum
1145 499 1194 558 lv.
1211 501 1240 569 6,
1255 502 1291 559 bl

137 604 322 667 emendandi
355 605 449 679 copia
481 603 557 673 erit,
590 604 739 663 subtilius
763 602 993 685 exponemus),
1022 603 1165 662 Bacchus
1189 608 1293 662 autem

138 708 280 776 „Seras
318 713 357 765 et
397 705 540 773 lndos“
575 705 649 782 (Sil.
663 705 734 763 XV.
758 708 797 765 79
833 705 870 764 cf.
895 704 967 765 Hor.
991 723 1020 762 v.
1044 704 1099 787 56)
1128 700 1293 766 domuisse

140 811 270 870 omnium
295 815 457 884 poetarum
483 807 673 868 carminibus
696 809 804 868 fertur.

611 1027 814 1125 lxxxvi.

218 1220 391 1280 Videamus
422 1219 518 1280 etiarn
549 1221 681 1294 reliqua.
729 1219 830 1289 „Post
854 1221 953 1289 deos,
984 1220 1087 1294 inquit
1111 1238 1139 1295 p.
1158 1221 1213 1290 18,
1237 1221 1290 1279 he-

148 1339 272 1398 roesque
296 1321 491 1382 collaudatos
515 1323 601 1381 viros
625 1321 820 1381 clarissimos
845 1340 926 1382 nonu
953 1324 1085 1397 stropha
1108 1323 1294 1398 praedicare

150 1433 230 1500 poeta
254 1426 372 1493 voluit,
395 1432 429 1484 ut
453 1431 550 1485 totam
574 1441 677 1484 rernm
695 1425 900 1484 Romanarum
922 1425 1106 1484 memoriam
1128 1441 1230 1509 usque
1255 1426 1294 1485 ad

151 1544 222 1587 suam
245 1533 382 1587 aetatem
409 1526 576 1586 deductam
600 1527 641 1586 iis
665 1527 861 1596 nominibus,
887 1527 1001 1601 quibus
1017 1519 1110 1600 quasi
1124 1528 1294 1602 primariae

152 1629 221 1690 rubis
251 1629 444 1703 imperiique
474 1636 507 1688 ut
538 1629 582 1688 ita
606 1629 708 1711 dicam
732 1631 877 1704 epochae
907 1637 1201 1704 repraesententur,
1231 1637 1294 1689 tam

121 1710 124 1721 ¹
153 1732 229 1804 palene
252 1749 345 1808 quarn
368 1732 507 1808 graviter
530 1733 802 1806 comprehendere
826 1732 1003 1791 videatur.“
1055 1731 1141 1800 Quae
1166 1733 1293 1806 quidem

154 1832 186 1892 ltu
210 1837 246 1895 ab
270 1834 408 1912 Hauptio
438 1834 594 1910 disputari
628 1833 684 1892 ille
708 1833 867 1902 meminit,
901 1852 958 1892 nos
983 1834 1027 1892 ita
1049 1834 1211 1908 disputata
1235 1835 1294 1894 soi-

153 1951 204 1995 ruus
236 1955 254 1997 a
284 1938 472 1997 Buttmanno
508 1943 540 1995 et
568 1936 715 1996 Paldamo
745 1938 826 1995 Actt.
856 1915 896 1995 ad
927 1937 1032 2009 Antio.
1068 1937 1150 1996 stud.
1181 1939 1294 2012 pertin.

153 2035 379 2115 talto-1137.
425 2037 489 2098 Sed
512 2039 602 2114 plura
625 2039 665 2096 de
689 2036 832 2108 ejusdem
856 2037 986 2113 Hauptii
1017 2039 1177 2098 sententia
1199 2047 1295 2115 atque

148 2143 326 2203 auctoritate
353 2142 438 2202 idem
468 2142 714 2216 Heynemanuus
742 2146 983 2217 argumentatur
1015 2157 1043 2214 p.
1067 2142 1119 2201 18:
1161 2144 1295 2204 Tollitur

144 2238 275 2305 dilucida
307 2246 362 2305 illa
393 2252 425 2303 et
454 2245 594 2325 perlecta
626 2244 818 2320 epocharum
847 2242 1047 2325 distributio,
1078 2243 1107 2304 si
1137 2253 1210 2321 post
1240 2248 1294 2307 Ca·

140 2345 220 2407 lonis
244 2349 436 2408 mentionem
466 2347 506 2407 ad
537 2347 737 2421 superiorum
766 2352 941 2421 temporum
979 2347 1162 2407 memoriam
1190 2349 1294 2409 denuo

133 2450 289 2511 relabitur
312 2450 414 2510 oratio
440 2449 628 2525 praesertim
652 2449 716 2509 ista
737 2448 807 2507 rudi
831 2447 1055 2522 indigestaque
1077 2451 1163 2509 mole
1189 2467 1293 2512 exem-

131 2547 276 2621 plorum,
312 2568 392 2626 quae
426 2551 450 2610 X
480 2558 512 2611 et
541 2553 582 2611 Xi
612 2552 757 2627 strophis
792 2557 912 2609 temere
944 2551 1179 2625 prohmduntur.
1229 2555 1294 2614 lmo

130 2646 265 2715 Catonis
297 2655 398 2715 nobili
428 2655 494 2715 leto
525 2656 676 2714 continuo
707 2653 904 2724 subjunctam
926 2660 1023 2729 poeta
1047 2672 1135 2714 suam
1158 2664 1295 2718 aetatem

127 2757 254 2828 voluit,
282 2759 408 2818 scilicet
437 2773 518 2833 quae
550 2759 681 2820 liberam
706 2758 934 2832 rempublicam
958 2763 1068 2817 secuta
1090 2757 1148 2828 sit,
1181 2761 1293 2820 Caesa-

126 2854 286 2922 rianamf‘
331 2861 437 2937 p.19:
474 2860 540 2921 lum
572 2877 647 2921 vero
678 2862 716 2921 ab
746 2861 889 2920 universi
920 2861 1068 2919 carminis
1103 2861 1211 2921 indole
1243 2864 1293 2920 vel

122 2965 272 3024 maxime
293 2965 459 3033 abhorret,
491 2964 574 3039 quod
597 2963 778 3030 Fabricius,
810 2962 940 3029 Curius,
965 2959 1113 3020 Camillus
1135 2968 1294 3036 tamquam

123 3071 245 3140 πενίας
267 3063 492 3149 κουροτρόφου
516 3067 664 3140 exempla
686 3070 914 3133 memorantur,
944 3080 1074 3138 qrrorum
1104 3065 1293 3124 auctoritate

123 3174 299 3234 Ducentem
331 3170 527 3230 tortitudinis
558 3175 776 3246 paupertatem
817 3183 890 3227 esse
919 3168 1152 3240 comprobetur.
1205 3167 1294 3237 erod

123 3273 265 3341 quiden
292 3273 332 3332 ad
362 3273 480 3332 chriam
504 3271 612 3344 polius
643 3270 833 3330 rhetoricam
857 3270 908 3327 vel
933 3269 971 3328 ad
995 3286 1115 3328 morum
1139 3270 1294 3331 laudatio-

123 3379 208 3443 nem
228 3375 423 3452 pertinebit,
448 3375 479 3434 iu
504 3376 565 3433 hoc
589 3381 675 3432 certe
699 3373 854 3440 carmine,
884 3388 945 3445 quo
976 3371 1052 3429 clari
1084 3370 1144 3429 viri
1175 3372 1295 3446 simpli-

125 3478 216 3539 ssiter
239 3479 422 3546 laudantur,
458 3478 575 3537 nullum
600 3494 729 3552 prorsus
753 3476 855 3534 locum
881 3476 993 3541 habet,
1017 3474 1072 3531 sed
1097 3476 1295 3537 umbratilem

124 3585 175 3638 ac
196 3581 421 3646 scholasticam
445 3579 707 3639 exercitationem
724 3577 879 3637 redolet.“
905 3595 933 3650 p.
949 3572 1004 3637 20:
1025 3562 1221 3655 ¹intelligitur
1237 3597 1296 3643 uec
1338 3618 1340 3623 -

125 3689 241 3752 Dosse,
265 3685 327 3744 hos
359 3689 430 3743 octo
462 3698 574 3741 versus
603 3682 642 3741 ab
672 3681 743 3754 ipso
775 3679 912 3754 scriptos
943 3695 1016 3739 esse
1047 3689 1144 3756 poeta
1167 3688 1198 3739 et
1223 3696 1295 3739 esse

129 3794 196 3848 Eos
225 3787 419 3848 scholastico
451 3786 559 3845 colore
590 3784 633 3844 ita
662 3784 816 3852 infectos,
847 3789 881 3842 ut
911 3785 949 3861 ab
982 3785 1089 3857 aliquo
1114 3785 1293 3859 magistello

128 3890 351 3968 {amplificandi
380 3889 483 3964 gratia
513 3889 593 3947 nrale
623 3888 727 3948 adsuti
760 3888 883 3962 liquido
918 3892 1150 3962 corripiar-eamr
1194 3886 1294 3946 Vides

132 4005 229 4066 quam
265 3992 390 4053 fortiter
419 3991 447 4050 is
476 3992 627 4058 alfirmet,
666 3991 720 4064 qui
758 4007 818 4052 nec
855 3993 894 4050 de
924 3989 1119 4060 Quintiliano
1152 3996 1184 4048 et
1214 3989 1294 4051 Silio

135 4096 413 4164 commemoravit,
445 4112 575 4169 quorum
606 4092 661 4152 ille
691 4110 802 4154 versus
833 4096 871 4154 40
904 4110 971 4165 sqq.
1010 4090 1185 4151 testimonii
1225 4093 1294 4152 loco

139 4199 258 4267 attulit,
283 4199 336 4257 hic
360 4214 399 4258 ex
423 4218 450 4254 u.
470 4199 507 4256 37
533 4198 665 4272 repetiit
689 4197 783 4257 illud:
811 4193 984 4267 Prodiga
1005 4195 1086 4268 geris
1110 4195 1293 4253 animaa“

142 4295 188 4382 (id
211 4302 295 4376 quod
325 4301 429 4378 ipsum
451 4300 745 4360 Drakenborrhium
768 4293 962 4375 inguim
994 4297 1098 4388 ⁹²²:
1129 4314 1191 4357 non
1214 4297 1295 4377 fugit

1309 1794 1318 1823 Ι
