2806 4866
59 491 103 551 per
130 477 226 537 litora
249 481 377 551 reptans
400 478 563 554 lmprobus
587 480 739 558 Ortygiae
762 481 844 541 latus
868 479 1040 545 inclinabat
1059 486 1208 562 Apollo“-

62 585 84 636 et
107 577 156 636 lll.
183 580 239 640 12:
284 577 461 650 Quantus
499 583 689 659 Apollineae
722 590 892 645 temerator
927 586 1035 647 matris
1073 589 1201 650 Averno
1231 638 1239 651 .

63 681 196 741 Tenditur
226 715 268 725 -
298 680 362 742 Sic
390 691 501 759 gravat
531 685 667 755 injectus
698 691 841 745 terram“
877 687 915 746 ci.
939 687 1025 766 Virg.
1050 678 1132 750 Aen.¹
1151 688 1201 750 Vl.

10 834 13 839 .
65 784 110 845 tut
131 801 174 858 sq.
201 783 263 845 vid.
286 785 397 846 Markl.
427 785 504 847 Stat.
532 786 607 848 Silv.
630 786 651 847 l.
677 788 707 857 2,
728 787 799 849 242.
853 789 934 849 Cort.
959 792 1071 852 Lucan.
1085 791 1121 851 V.
1139 794 1198 853 183

67 885 170 959 pili,
195 892 228 945 et
253 885 358 958 illius,
383 905 446 965 quo
471 872 553 949 idem
577 908 654 950 usus
678 896 728 950 est
743 890 819 950 Silv.
833 890 869 950 V.
889 893 917 962 3,
933 893 1011 955 211:
1035 909 1094 953 nec
1118 895 1201 956 enim

69 987 127 1047 mibi
148 987 254 1048 sidera
275 994 428 1051 tantum
450 990 665 1067 Aequoruque
687 998 720 1051 et
733 996 850 1062 terras,
875 1009 986 1068 quum
1009 1012 1067 1056 vos
1081 995 1201 1056 debere

10 1122 13 1154 ;
70 1090 198 1165 parenti‘·
224 1090 287 1152 vid.
313 1092 390 1153 Ado.
414 1092 479 1154 llul.
502 1094 557 1154 ult.
584 1097 601 1155 o
633 1112 660 1170 p.
678 1093 727 1154 21.

559 1329 687 1426 xtvl.

10 1524 29 1563 „r
133 1499 363 1572 Ejusdemmodi
387 1503 573 1564 vocabulum
596 1506 827 1567 restituendum
851 1513 900 1567 est
922 1507 970 1567 lll.
998 1510 1048 1578 30,
1075 1511 1127 1570 12:

193 1604 329 1674 Dicar,
353 1621 430 1680 qua
455 1607 619 1668 violens
643 1610 851 1686 obstrepit
874 1609 1050 1670 Aufidus

191 1705 238 1767 Et
260 1723 335 1786 qua
357 1723 512 1784 pauper
534 1725 665 1785 aquae
688 1710 805 1775 Ιιιιιι
828 1711 1052 1790 agrestium

192 1809 394 1885 Regnavit
417 1811 676 1887 populorum,
701 1829 747 1873 ex
770 1814 915 1875 humili
940 1820 1086 1890 potens

192 1909 386 1988 Princeps
411 1913 598 1973 Aeolium
621 1931 779 1975 carmen
802 1916 848 1976 ad
870 1916 997 1977 Italos

190 2013 424 2076 Deduxisse
446 2015 596 2077 modos.

10 2114 20 2166 j
72 2109 183 2192 linque
218 2119 395 2179 Daunum
429 2133 557 2194 aquae
593 2134 812 2196 pauperem
849 2119 992 2199 regionis
1028 2119 1137 2182 aridae
1167 2128 1199 2180 et

66 2214 231 2281 siticulosae
262 2236 370 2298 regem
400 2223 566 2298 eleganter
595 2220 660 2281 dici
689 2221 835 2294 Bentlejo
872 2242 933 2284 non
971 2225 1072 2301 inagis
1102 2224 1198 2285 credo

66 2312 122 2396 (nec
149 2323 284 2385 credidit
313 2321 584 2408 Peerlkampins),
616 2340 708 2398 quam
736 2325 849 2385 Servio
875 2324 960 2403 Virg.
982 2325 1198 2388 Aen.lll.280

61 2431 89 2492 1³.
106 2423 154 2485 24:
177 2427 280 2503 figura
302 2426 423 2489 Graeca
446 2432 512 2496 est,
536 2427 618 2487 sicut
637 2424 786 2488 Horatius
809 2427 1037 2510 agrestium
1058 2443 1199 2506 regna-

10 2523 11 2528 ’
62 2523 109 2584 rit
129 2530 372 2604 populorum
401 2548 460 2607 pro
483 2529 724 2607 agrestibus
748 2529 956 2606 populis“‚
987 2529 1199 2607 Porphyrioni

62 2639 87 2699 p.
106 2629 170 2702 3⁸19,
197 2633 246 2702 16,
282 2632 451 2694 Vechnero
474 2631 672 2694 Hellenolex.
696 2632 717 2692 l.
742 2622 825 2721 24Ji
849 2651 878 2711 p.
894 2633 967 2704 205,
1002 2633 1096 2695 Antio
1120 2632 1198 2710 Spu-

10 2784 11 2788 ,
61 2727 126 2792 rinn.
153 2752 182 2810 p.
202 2737 241 2796 66
272 2741 307 2796 ut
335 2751 419 2796 nove
447 2737 493 2797 ita
515 2742 602 2797 recte
626 2738 663 2797 ab
693 2735 824 2797 Horatio
854 2735 972 2797 dictum
1001 2753 1074 2798 esse
1098 2736 1199 2797 istud:

60 2837 233 2911 regnavit
262 2839 513 2915 populorum.
567 2838 662 2899 lmmo
684 2853 763 2899 vero
787 2837 851 2913 ipsi
875 2839 1104 2899 sententiarum
1127 2857 1199 2900 cou-

10 2953 23 2996 r
64 2935 189 3000 cinnituti
214 2942 277 3002 lioc
305 2940 441 3002 dandum
464 2948 531 3010 est,
562 2946 596 3000 ut
626 2941 708 3016 porti
732 2939 797 2999 illi:
832 2956 908 3013 qua
936 2939 1099 2999 violens
1131 2940 1199 2999 ob-

10 3046 26 3107 t:
63 3043 200 3119 strepit
213 3044 292 3104 Aul
299 3043 419 3104 idus“
444 3043 573 3105 mutatis
587 3041 659 3102 istis
673 3042 790 3112 verbis,
807 3056 890 3117 quae
903 3039 1031 3101 codices
1047 3042 1200 3116 praebent

10 3147 24 3205 n
62 3147 230 3217 regnavit,
253 3152 445 3224 regnator,
468 3147 549 3207 haec
571 3143 774 3217 subjiciatur:
806 3151 838 3204 et
861 3162 924 3219 qua
944 3144 1068 3206 Daunia
1092 3160 1200 3214 „sem-

10 3246 27 3305 .’
63 3252 107 3311 let
125 3281 164 3291 —-
186 3250 331 3310 laborant
360 3266 436 3310 arva
467 3249 550 3309 siti“
589 3248 747 3330 (Corippi
771 3249 856 3309 enim
893 3247 986 3307 libuit
1015 3246 1123 3308 verbis
1151 3247 1200 3308 uti

63 3340 154 3411 lustin.
178 3352 214 3411 V.
239 3353 315 3431 272)
338 3353 377 3412 cl.
398 3353 512 3414 Avien.
535 3353 573 3414 Ι).
597 3352 630 3411 0.
655 3351 732 3413 229:

10 3467 21 3497 ··
171 3453 216 3515 Et
240 3471 315 3530 qua
337 3469 489 3531 pauper
512 3469 640 3530 aquae
662 3450 817 3529 Dauus,
846 3454 1073 3530 agrestium

10 3569 32 3615 r.
172 3558 345 3634 Regum,
367 3553 446 3633 eret,
468 3558 720 3634 populorum.

10 3671 22 3709 r
58 3642 96 3712 De
113 3661 231 3734 altera,
262 3661 529 3736 cucurrerimus,
558 3660 734 3720 mutatione
764 3657 842 3718 satis
874 3665 922 3719 est
951 3658 1091 3730 adiicere
1115 3661 1208 3736 apud,

10 3743 30 3829 t}
57 3744 218 3824 Martialem
243 3764 292 3824 tv.
316 3766 367 3836 29,
390 3758 409 3825 8
439 3779 529 3824 esse:
559 3760 641 3823 levis
671 3762 703 3822 in
734 3767 802 3823 tota
829 3763 963 3824 Mersus
995 3763 1199 3831 Amazonius.

54 3863 128 3931 apud
143 3867 313 3929 Nestorem
326 3868 444 3935 Vocab.
466 3885 496 3943 p.
510 3866 632 3926 LXXVI
649 3880 731 3925 vers.
747 3864 898 3926 Marsis(
923 3866 1064 3927 Daunis
1083 3871 1199 3934 autern,

10 3988 16 4031 r
43 3963 78 4018 nt
106 3969 279 4031 Daunius
309 3986 349 4031 eo
379 3969 468 4040 loco,
506 3984 600 4044 quem
628 3969 722 4029 modo
744 3968 823 4029 XLV
853 3969 948 4049 p.88
979 3966 1199 4035 indicavimus,

40 4062 164 4144 &aava
185 4073 296 4134 arcad.
321 4092 351 4150 p.
367 4074 418 4143 32,
443 4073 491 4133 16.
527 4073 581 4155 τῆς
601 4061 792 4144 Δαυνίὲιδος
812 4067 919 4154 χώρας
940 4070 1059 4144 Suylac.
1083 4069 1206 4145 Peripl,

37 4168 68 4229 Ι)-
89 4176 125 4236 ll
152 4175 246 4237 Gron.
263 4210 304 4220 -
318 4158 390 4236 uam
415 4175 546 4236 silentio
566 4174 745 4237 transmitto
762 4176 908 4234 leverum
932 4172 964 4233 in
978 4172 1096 4232 Lucani
1118 4189 1210 4233 com.

32 4268 418 4346 ¹¹1entariisDeunium
441 4278 632 4354 oppidum
650 4281 859 4340 commentum
874 4290 932 4348 -3
957 4275 1202 4351 populorum
