2806 4866
693 347 760 422 tta

144 524 238 587 landa
260 533 411 602 negat“
443 520 637 585 reddendum
669 536 743 584 osse
772 524 956 585 censuimus
985 522 1064 586 Stat
1090 526 1216 599 Coniect.
1233 529 1270 588 lll

145 645 175 705 p.
188 629 250 691 2¹19
273 630 347 690 irati
366 629 468 690 Ennio
485 629 565 688 Ann.
581 627 640 686 171
658 643 687 702 p.
703 627 760 688 lll:
783 625 957 689 Vulcanum
971 635 1088 689 ventus
1103 633 1271 708 vagabat“

145 740 177 794 et
200 734 318 796 Comi
342 752 373 811 p.
390 734 466 796 153:
489 745 694 807 aequora-
717 745 841 807 vegas
864 728 1053 808 ingentibus
1074 735 1206 794 nentis.“

227 939 338 1017 Neque
361 939 455 1000 aliter
478 935 682 998 sentiendum
705 942 756 996 esl
778 934 938 997 deversa
964 935 1020 997 lb:
1303 880 1305 936 l

316 1040 479 1102 Arbiter
501 1052 666 1114 pugnae
690 1037 886 1113 posuisse
907 1037 1013 1100 nudo

462 1140 539 1201 Sub
562 1138 668 1217 pede
692 1139 862 1216 palmam

315 1245 414 1307 lentur
437 1249 475 1302 et
499 1242 583 1303 leni
607 1257 802 1304 recreare
824 1248 947 1304 vento

314 1342 498 1420 Sparsum
523 1345 709 1423 odoratis
730 1345 932 1406 humerum
955 1345 1142 1421 capillis.

144 1451 243 1523 Quem
272 1448 461 1526 longissime
490 1449 529 1510 ab
559 1463 667 1512 eorum
696 1446 838 1509 locorum
874 1448 1088 1511 similitudine
1119 1449 1271 1522 'sejunctum

144 1569 224 1627 quos
247 1558 321 1628 post
343 1551 557 1614 Marklandum
580 1550 900 1629 Peerlkampiumque
931 1551 1174 1628 explanavimus
1198 1551 1272 1614 inSi-

142 1655 307 1716 nideV.3
340 1673 369 1731 p.
395 1655 455 1717 100
477 1670 540 1728 sq„
574 1671 637 1714 non
666 1661 786 1714 temera
828 1655 1027 1730 suspicamur
1063 1656 1127 1717 hoc
1154 1656 1274 1717 habuisse

143 1759 315 1820 acuminis:
353 1757 538 1819 decertandi
561 1767 669 1818 amore
690 1756 827 1833 Pyrrhus
858 1763 890 1817 at
921 1757 1037 1818 leaena
1059 1757 1196 1821 fervent:
1221 1756 1274 1833 quil

141 1862 204 1936 jam
218 1859 402 1925 Nearchus?
424 1861 552 1934 juvenis
576 1862 763 1925 fastidiosus
787 1863 859 1940 ipse
883 1878 1011 1939 quoque
1035 1863 1140 1924 fervat
1158 1865 1273 1926 nimimn

142 1966 278 2029 mirifico
302 1966 408 2027 studio
432 1967 566 2043 palmam
591 1966 727 2043 pedibus
750 1964 894 2027 calcandi
918 1971 950 2026 et
969 1966 1109 2042 capillos
1126 1965 1189 2028 leni
1205 1971 1272 2026 vento

143 2068 324 2131 recreandi:

312 2170 481 2231 Arbiter
510 2185 669 2247 pugnae
698 2168 901 2246 posuisse
930 2167 1036 2228 nudo

463 2271 537 2334 Sub
560 2271 664 2347 pede
689 2273 856 2349 palmam
1062 2263 1065 2269 ’

195 2437 199 2447 ,
311 2377 418 2440 lomet.
1300 2457 1305 2462 .

140 2478 314 2539 Ferrare
337 2484 443 2540 autem
466 2483 553 2538 reate
575 2475 640 2536 (lici
664 2491 753 2546 eum,
778 2476 833 2551 qui
856 2478 991 2554 palmam
1006 2478 1132 2539 calcare
1156 2489 1272 2538 sumno
1303 2489 1305 2493 ’

142 2581 280 2641 studio
305 2580 444 2656 cupiat
468 2578 586 2659 (Barth.
599 2578 675 2638 Brit.
693 2577 829 2657 Philipp.
844 2578 867 2639 1.
882 2580 944 2640 619
970 2597 998 2654 p.
1013 2578 1081 2664 tl),
1108 2580 1272 2641 Claudianus
1302 2592 1305 2597 ·

141 2681 234 2742 docet
264 2681 365 2742 Rufin.
387 2679 423 2739 ll.
449 2680 526 2741 295:
564 2686 790 2757 sceptrumque
819 2670 1039 2756 capessere
1069 2683 1227 2742 lervel“
1254 2683 1273 2736 et

140 2782 174 2841 B.
188 2781 269 2843 Gild.
285 2783 362 2847 350:
390 2779 453 2854 jam
478 2786 590 2858 stagna
613 2798 760 2843 secare
781 2783 965 2854 convetu,
990 2800 1083 2860 quam
1106 2786 1274 2846 locutionem

142 2883 288 2944 omnihus
318 2883 444 2944 vatibus
480 2882 669 2944 familiarem
699 2883 778 2944 dicit
803 2869 955 2946 'Barthius
984 2886 1004 2945 l.
1027 2885 1056 2946 d.
1092 2887 1162 2948 add.
1191 2886 1274 2947 lleins.

141 2987 302 3057 Claudian.
322 2984 423 3049 Rufin.
441 2986 475 3047 ll.
493 2985 553 3045 133
578 3004 607 3063 p.
627 2987 684 3047 1⁰1
718 2987 756 3046 ol.
780 2985 858 3049 Stat.
881 2982 979 3056 Theb.
993 2983 1043 3048 lll.
1060 2991 1116 3050 7³:
1147 2986 1274 3068 gliscis

141 3105 284 3167 regnare.
318 3088 433 3149 Aenill.
447 3088 482 3148 ll.
497 3088 572 3148 111:
596 3089 704 3150 visere
727 3096 841 3167 gentes
865 3125 905 3135 —
929 3091 1116 3154 Ardeat.“
1139 3091 1272 3155 Glandian

140 3191 188 3252 lll.
214 3192 246 3250 G.
262 3191 342 3251 lion.
358 3189 416 3250 81:
440 3187 638 3266 stabulisque
662 3192 775 3255 minari
798 3175 1001 3255 Aestuatf‘
1046 3196 1137 3257 Licet
1160 3196 1272 3268 adjicere

116 3292 225 3370 ,quod
248 3291 474 3355 summovimus
497 3294 644 3364 verbum,
673 3295 848 3357 aLehrsio
871 3314 901 3373 p.
926 3274 1078 3356 CXXXIV
1101 3316 1147 3374 sq.
1178 3299 1271 3359 illatm

141 3411 218 3455 esse
237 3396 269 3455 in
291 3394 400 3470 Epod:
414 3392 491 3455 xvl.
518 3397 573 3456 15:

180 3497 263 3560 laste
286 3497 380 3572 quid
403 3498 600 3574 expediat
623 3501 888 3561 communiter
909 3506 979 3562 aut
1002 3503 1158 3564 melior
1180 3517 1256 3580 pars

266 3598 384 3660 Malis
408 3614 549 3661 carere
572 3601 779 3676 quaeritis
803 3604 1021 3665 laboribus

139 3702 171 3762 in
194 3700 277 3761 hunc
299 3701 440 3763 modum:
464 3703 586 3763 Ferte
609 3705 694 3781 quod
716 3704 868 3782 expediat
892 3702 1170 3769 communitaraut
1184 3704 1269 3768 melior
1303 3702 1305 3707 ’

138 3821 211 3881 pars
240 3803 332 3865 Malis
362 3821 470 3866 carere
499 3823 574 3882 quo
605 3809 711 3868 velit
741 3809 933 3871 laboribus.“
993 3807 1061 3881 Quo
1100 3805 1268 3887 probabilius

138 3906 264 3967 videtur
286 3908 348 3969 hoo
374 3923 464 3968 esse:

432 4009 515 4072 Serto
536 4010 632 4084 quid
655 4011 853 4089 etxpacllotl
926 4034 928 4048 ²

136 4109 212 4170 Nam
235 4109 426 4185 gravissime
449 4118 473 4171 a*
490 4117 588 4187 poeta
610 4129 638 4169 v.
665 4113 701 4172 11
728 4131 773 4190 sq.
809 4124 960 4177 sortem
989 4117 1171 4180 ultimam
1192 4122 1267 4177 renlffl

138 4207 234 4291 (Cart.
258 4213 372 4273 Lucan.
395 4213 460 4273 vll:
484 4215 542 4274 122
574 4233 601 4290 p.
622 4215 682 4277 158
700 4233 745 4292 sq.
777 4217 991 4279 sillxoat:
1030 4219 1120 4281 Haud
1149 4224 1266 4294 umquass]

138 4312 336 4389 expedies
358 4320 423 4377 tam
445 4317 523 4379 dura
553 4325 665 4379 sorte
694 4320 885 4407 malorum‘)
917 4321 1115 4398 descriptam
1141 4322 1266 4384 videmus·
