2806 4866
659 277 723 350 104

651 517 743 614 ill.

198 715 307 788 Neque
337 710 456 782 majore
487 710 517 769 in
548 708 732 769 discrimine
763 706 911 783 ponenda
946 712 1035 776 sunt,
1069 723 1154 782 quae
1190 708 1263 767 iden

36 864 39 869 .
113 815 266 876 Lelrrsius
289 833 319 890 p.
343 812 467 872 xxxix
491 816 537 887 sq.
561 811 601 870 de
627 826 720 869 versu
744 809 765 868 l.
790 809 820 877 7,
845 810 901 868 ai:

220 934 283 994 Nil
307 931 598 1009 desperandum
621 929 730 993 Teucro
758 928 830 991 duce
853 932 882 990 el
903 927 1021 1010 auspice
1044 927 1172 1007 Tenem

306 1035 449 1094 Certus
471 1035 577 1093 enirn
601 1029 797 1109 promisit
822 1030 971 1104 Apollo

188 1201 190 1206 .
221 1136 455 1214 Ambiguum
477 1137 635 1206 tellure
659 1150 763 1194 nova
785 1132 991 1195 Salamina
1015 1134 1191 1194 futuram

116 1257 291 1332 disputavit
320 1257 367 1315 sic
395 1254 601 1331 corrigendo:
636 1255 680 1315 nil
712 1253 943 1329 desperandum
974 1252 1071 1313 diuo
1096 1249 1260 1334 (magno,

116 1357 219 1441 fido)
244 1359 324 1418 duee
349 1345 380 1417 et
404 1359 535 1434 auspice
558 1358 752 1418 Phoebo.“
796 1355 908 1417 Nonne
933 1356 1015 1415 enim
1041 1374 1103 1416 non
1129 1372 1260 1432 superua-

117 1477 248 1522 caneum
277 1461 388 1530 modo,
419 1459 477 1519 sed
499 1460 612 1520 inutile
637 1467 685 1519 est
715 1459 778 1519 his:
815 1457 912 1519 divo
936 1459 1069 1519 duce“
1102 1459 1258 1536 legantium

117 1564 254 1624 animum
278 1563 370 1639 quasi
399 1564 551 1624 constitui
580 1569 676 1638 atque
707 1562 855 1639 apparari
880 1562 919 1622 ad
941 1560 1182 1638 percipiendam
1212 1562 1259 1621 vin

116 1682 228 1724 vocum
260 1665 433 1741 auspice
463 1661 649 1727 Phoebo?
686 1671 740 1725 aut
770 1664 852 1741 ipsis
881 1665 933 1724 his
963 1663 1098 1724 vocibus
1133 1664 1259 1724 subnecti

118 1767 259 1839 ejusdem
282 1769 336 1829 dei
360 1770 553 1830 mentionem
574 1770 636 1829 hoc
659 1767 770 1828 modo:
795 1768 927 1844 auspice
951 1768 1134 1840 Phoebo;
1167 1769 1259 1826 Cernis
1302 1784 1304 1793 ·

118 1870 201 1929 enim
232 1872 378 1947 promisit
408 1869 609 1948 Apollo?“
663 1870 812 1939 Accedit,
850 1870 934 1944 quod
963 1885 1004 1929 ne
1033 1869 1113 1942 illud
1151 1869 1259 1944 quidam

117 1974 359 2034 vereLehrsins
383 1974 551 2035 affirmavit
574 1973 704 2033 minime
727 1971 860 2032 rationis
881 1987 954 2031 esse
978 1972 1101 2033 verbis:
1128 1973 1258 2031 Tenem

118 2075 198 2134 duce
223 2083 253 2135 el
278 2078 411 2151 auspice
427 2077 613 2136 Teucro“
637 2073 814 2134 continuari
830 2074 926 2134 haec:
950 2081 1055 2134 certiis
1080 2076 1185 2135 enim
1204 2090 1259 2150 pro·

117 2176 205 2236 misit
218 2178 381 2254 Apollo;“
406 2177 482 2252 quid
507 2177 589 2237 enim
613 2176 674 2235 hoc
697 2175 926 2236 sententiarum
951 2177 1064 2237 ordino
1088 2177 1262 2238 dilucidius:

119 2279 225 2339 orrrnia
247 2279 369 2354 sperari
393 2296 412 2339 a
435 2278 527 2339 nobis
559 2283 691 2356 possunt
722 2283 853 2354 propter
877 2279 1091 2339 certissimum
1117 2276 1263 2356 Apollinis

118 2377 358 2457 responsnm?“
413 2382 616 2458 Aliquantum
646 2380 745 2459 igilur
775 2380 935 2456 praestilit
967 2395 1095 2441 manere
1129 2383 1161 2442 in
1183 2381 1264 2441 libro-

117 2501 184 2542 rum
216 2485 406 2546 auctoritaie
437 2491 639 2559 mentemque
676 2483 801 2544 Horatii
836 2480 888 2543 his
920 2484 1112 2559 explanare:
1146 2483 1266 2550 terraer,

118 2604 213 2662 quum
236 2587 318 2662 patri
343 2587 513 2662 eidemque
538 2585 625 2662 regi,
649 2587 707 2645 sub
730 2585 819 2658 cujus
842 2587 997 2663 auspiciis
1014 2587 1198 2657 militasset,
1222 2587 1266 2646 im·

118 2689 270 2762 probatus
295 2695 400 2758 esset,
433 2695 537 2748 tamen
561 2686 624 2748 uda
645 2688 751 2762 Lyaeo
781 2694 926 2766 tempora
955 2688 1058 2750 vinxit
1088 2707 1127 2750 ea
1159 2690 1268 2755 fronde,

122 2804 204 2864 quae
233 2790 363 2864 propria
403 2797 452 2851 est
483 2791 628 2850 Herculis
666 2789 780 2866 vagi,
814 2779 940 2863 jamjam
976 2811 1037 2853 non
1074 2794 1178 2854 solum
1209 2809 1269 2854 suo

122 2892 259 2963 ductu,
290 2892 349 2952 scd
378 2892 464 2953 suis
495 2893 591 2953 etiam
614 2892 821 2968 auspiciis
852 2893 914 2953 sibi
944 2894 1110 2969 sociisque
1132 2895 1269 2956 tristibus

120 3011 260 3057 securam
291 2997 401 3057 sedem
430 3014 466 3056 ac
498 3013 612 3057 novam
642 2995 774 3072 patriam
808 2996 1041 3070 quaesiturus.“
1088 2995 1185 3068 Cujus
1209 3013 1270 3056 sen·

119 3101 240 3161 tentiae
264 3107 374 3160 auctor
396 3115 573 3173 suasorque
597 3097 734 3173 primus,
766 3098 799 3157 id
822 3098 906 3172 quod
931 3105 962 3158 et
986 3100 1043 3159 alii
1075 3099 1223 3176 ignorant
1245 3102 1271 3157 et

121 3202 259 3261 Orellius
283 3217 312 3274 p.
330 3201 385 3269 37,
417 3199 524 3259 extitit
555 3199 744 3258 Ouwensius
775 3200 874 3260 Nocti.
898 3201 1073 3279 flagilii
1104 3219 1133 3277 p.
1149 3203 1209 3264 395
1232 3217 1270 3276 sq.

119 3303 156 3362 cl.
179 3303 268 3379 Valg.
294 3320 322 3378 p.
340 3302 411 3370 371,
436 3300 494 3360 sed
517 3300 665 3378 neglecto
688 3301 761 3361 loco
785 3301 871 3374 ejus,
901 3319 983 3378 quae
1005 3303 1109 3364 Porcii
1132 3304 1271 3365 Latronis

120 3419 194 3463 esse
216 3405 332 3474 fertur,
368 3403 613 3464 declamationis·
635 3410 744 3464 contra
766 3405 855 3465 Catil.
869 3403 936 3464 XVI
960 3423 988 3480 p.
1006 3406 1102 3466 1093:
1130 3406 1270 3482 Aquilam

119 3505 302 3582 argenteam
331 3507 467 3582 proferri
501 3507 651 3567 continuo
686 3505 813 3577 jussisti
843 3507 1035 3582 praeclaram
1068 3509 1271 3586 auspicem

119 3608 526 3685 ac'gubernalricem
561 3609 678 3670 larroris
715 3608 762 3670 tui
793 3609 957 3669 futuram.“
1015 3608 1209 3686 Quamquam
1238 3624 1270 3669 ne

119 3712 180 3772 hoc
210 3709 314 3786 ipsum
344 3709 470 3786 quidem
501 3713 679 3788 exemplum
705 3713 745 3774 ad
768 3709 988 3772 stabiliendam
1012 3713 1179 3774 Ouwensii
1210 3729 1270 3773 sen-

119 3815 250 3874 tentiam
275 3809 309 3894 (a
324 3829 386 3888 qua
400 3809 545 3888 pioxime
567 3815 658 3874 abest
672 3815 774 3875 Cerda
785 3814 870 3892 Virg.
883 3815 961 3875 Aen.
976 3814 1025 3874 lV.
1040 3818 1079 3877 45
1104 3834 1133 3891 p.
1149 3817 1218 3876 380.
1235 3810 1270 3891 D)

121 3919 191 3995 plus
220 3916 322 3985 valet,
360 3931 453 3990 quam
484 3914 649 3999 Claudiani
681 3919 877 3993 exemplum,
908 3918 993 3993 quod
1023 3919 1153 3978 allatum
1184 3925 1271 3977 esta

118 4021 294 4081 Bannanno
319 4018 408 4078 Ovid.
432 4020 511 4079 Fast.
537 4021 556 4079 l.
581 4022 621 4080 26
646 4038 675 4095 p.
698 4024 726 4089 5,
750 4021 799 4079 lV.
823 4021 853 4080 d.
885 4020 964 4081 Hon.
989 4021 1066 4081 611:
1095 4021 1270 4097 Auspice

118 4140 191 4184 mox
222 4123 473 4184 laetamsonuit
503 4125 679 4185 clamore
709 4123 845 4183 tribunal
857 4131 876 4156 “
906 4130 959 4184 aut
991 4123 1087 4183 etiam
1118 4120 1170 4205 (et.
1196 4126 1268 4184 Cort.

118 4227 230 4287 Lucan.
255 4225 289 4286 lt
316 4229 371 4288 3ἵὶ
408 4245 436 4302 p.
453 4225 528 4311 251)
559 4222 738 4304 Symmachi
770 4226 817 4287 Or.
849 4243 903 4302 pro
934 4226 1062 4292 Patretl
1094 4228 1196 4305 pil:
1227 4225 1267 4299 jn-
