2806 4866
751 307 772 376 t

190 488 340 561 „libris
363 485 483 562 pariter
504 480 701 555 fastisque
725 478 919 557 legendus‘a
943 482 996 536 rint
1015 478 1050 538 V.
1065 479 1143 538 ece:
1168 480 1353 554 „plenus

189 592 384 653 bonorum
412 586 447 646 Et
479 585 614 644 dictator
652 599 720 643 eam
751 579 877 658 Slygias
908 586 940 639 et
969 583 1079 642 consul
1110 581 1148 641 ad
1180 585 1353 653 urnbras“,

191 709 324 769 quocum
348 689 473 751 Cottius
496 707 525 763 p.
550 687 589 745 b'l
615 685 774 744 contendit
801 683 877 744 Plin.
892 682 948 758 Ep.
963 683 998 741 ll.
1016 687 1042 751 l,
1059 686 1092 743 7:
1116 683 1236 758 plenus
1261 686 1353 745 annis

190 797 285 866 abiit,
308 795 455 872 plenus
478 788 736 849 lronor·ibus.“

738 1005 797 1101 ΙΙΙ.

274 1207 322 1266 De
346 1218 442 1262 versu
465 1202 485 1260 l.
510 1202 561 1269 25,
586 1200 621 1257 2:

360 1303 525 1364 Parcius
546 1301 706 1373 junctas
731 1299 923 1375 qrratiunt
946 1300 1155 1361 fenestras

359 1403 466 1467 lctibn
490 1401 649 1463 crebris
669 1400 842 1472 juvenes
866 1402 1056 1476 protervi

190 1525 292 1586 nuper
321 1506 478 1584 Hauptius
509 1504 611 1565 Herm.
635 1504 684 1563 lV.
714 1501 784 1565 Ver.
806 1503 860 1563 Xll
892 1522 921 1579 p.
947 1505 1007 1564 145
1045 1504 1076 1564 in
1108 1505 1192 1565 hunc
1225 1505 1355 1567 modum

191 1611 381 1687 disputavit:
404 1608 537 1669 Horatio
562 1607 717 1667 redditum
742 1606 867 1666 tandem
891 1613 939 1666 est
964 1606 1048 1681 quod
1071 1606 1202 1682 scripsit
1233 1607 1354 1679 jacti·

190 1716 270 1774 bus.
294 1748 336 1759 -
359 1712 435 1771 Nam
456 1709 654 1780 jactibus,
687 1726 748 1767 non
774 1707 927 1769 ictibus
952 1709 1096 1768 inlibris
1128 1707 1197 1769 suis
1224 1717 1355 1786 praeter

189 1816 305 1881 Divaei
320 1813 464 1876 omnibus
484 1828 520 1871 se
539 1812 661 1889 legisse
677 1815 811 1870 testatur
827 1811 994 1885 CruquiuS,
1013 1812 1044 1871 in
1061 1811 1235 1883 Leidensi‚
1261 1814 1352 1874 Grae-

191 1922 303 1990 viano,
328 1917 502 1994 Reginensi
524 1913 709 1988 Bentlejus3
740 1914 893 1974 accedunt
916 1913 973 1975 alii
1006 1914 1076 1975 libri
1107 1920 1139 1973 et
1171 1917 1261 1990 quod
1282 1917 1349 1977 Por-

191 2025 306 2100 plryrio
345 2020 520 2095 adscripsit
551 2033 705 2092 suumque
735 2017 812 2076 fecit
845 2021 963 2077 Acron:
1001 2015 1156 2088 juvenes,
1190 2020 1248 2093 qui
1277 2021 1346 2080 olim

190 2123 389 2199 frequentius
419 2121 576 2180 fenestras
605 2126 676 2178 tuas
712 2118 873 2194 lapidibus
910 2120 1115 2179 incessebant
1144 2157 1199 2180 -.
1239 2122 1338 2181 mirum

193 2232 241 2285 est
264 2220 440 2292 Bentlejnm
467 2219 555 2280 vocis
578 2227 641 2280 tam
664 2225 759 2295 aptae
782 2227 909 2296 tamque
934 2229 1068 2282 testatae
1092 2223 1256 2285 veritatem
1277 2236 1334 2279 non

192 2324 385 2402 adgnouisse
416 2339 520 2399 neque
551 2323 654 2383 minus
683 2323 795 2384 mirum
828 2343 888 2384 non
913 2325 1094 2384 restituisse
1120 2340 1195 2385 eum
1215 2322 1343 2384 eandem

194 2444 303 2489 vocem
335 2426 366 2486 in
389 2425 535 2486 versibus
560 2427 742 2496 Claudiani,
775 2444 854 2502 qrros
885 2433 1016 2503 propter
1045 2427 1171 2486 inanem
1197 2425 1348 2502 quandam

191 2533 257 2593 Nic.
281 2530 409 2591 Heinsii
446 2530 629 2605 opinionem
668 2529 778 2589 adfert.
812 2529 890 2588 dicit
922 2530 1112 2589 Claudianus
1140 2529 1228 2590 Eutr.
1252 2531 1274 2589 l.
1298 2529 1350 2590 at:

190 2633 251 2706 jam
282 2634 373 2693 turba
403 2648 520 2708 procax
552 2631 720 2706 noctisque
745 2632 867 2692 recedit
889 2633 1032 2694 Ambitus
1058 2639 1089 2693 et
1112 2650 1185 2694 raro
1208 2633 1353 2709 pulsatur

190 2735 285 2807 janua
306 2741 424 2794 tactu.
450 2735 650 2793 scribendum
683 2741 746 2793 est:
776 2741 809 2793 ct
833 2752 902 2795 raro
927 2738 1068 2811 pulsatur
1097 2735 1195 2806 janua
1221 2734 1352 2806 jactu:

192 2857 263 2899 nam
286 2843 398 2898 tactu
420 2837 539 2898 misere
563 2838 708 2913 languet,
733 2839 934 2897 obversatum
957 2828 1063 2897 nutem
1088 2853 1161 2897 esse
1176 2838 1352 2899 Claudiano

191 2940 316 3001 Horatii
339 2955 465 3002 carmen
480 2940 535 3000 vix
551 2945 659 3015 potest
682 2940 826 3000 dubitari.
852 2947 883 2999 et
902 2942 1007 3001 attulit
1019 2943 1216 3000 Burmannus
1239 2939 1352 3012 jactu

129 3086 137 3094 -
194 3060 234 3105 ex
262 3043 342 3103 libro
365 3042 557 3103 Vossiano.“
610 3041 670 3112 Qui
701 3041 838 3113 Bentleii
869 3060 1000 3103 acumen
1031 3044 1218 3120 elanguisse
1250 3050 1352 3104 tanto·

193 3161 271 3220 pere
297 3145 443 3214 miratur,
474 3161 544 3203 eum
570 3179 609 3190 -
633 3146 786 3206 humanos
811 3163 902 3207 casus
931 3147 1079 3222 adspice,
1109 3153 1143 3206 ut
1174 3148 1221 3207 ait
1253 3155 1352 3224 poeta

194 3255 285 3307 vetus
311 3245 433 3318 -jam
456 3266 516 3307 nos
539 3249 760 3309 vehementius
795 3251 943 3311 miramur
971 3252 1051 3310 baec
1082 3250 1127 3309 ita
1155 3250 1351 3326 disputasse.

192 3351 289 3411 Narra
312 3351 396 3411 enim
420 3352 528 3411 nobis:
558 3351 736 3429 principum
763 3354 902 3414 virorum
925 3355 1097 3415 auctoritas
1121 3370 1162 3414 ex
1184 3354 1351 3417 voluntate

192 3451 288 3513 unius
309 3453 449 3513 hominis
473 3456 601 3516 omnino
625 3456 831 3532 improbanda
861 3463 957 3531 atque
989 3456 1153 3516 illudendo
1174 3453 1260 3516 fuit?
1294 3459 1350 3518 cir·

194 3555 432 3630 cumspectione
467 3557 575 3631 aliqua
607 3564 638 3617 et
673 3563 819 3617 accurata
851 3559 1110 3618 consideratione
1140 3577 1203 3619 non
1232 3560 1351 3621 tuendo

192 3652 277 3715 fuit?
311 3657 392 3734 Ergo
419 3658 599 3718 eorumdem
621 3659 761 3720 locorum
786 3661 1023 3735 comparatione
1045 3661 1128 3723 facta
1141 3679 1237 3737 quum
1254 3662 1349 3724 Hein-

194 3759 261 3818 sius
287 3759 375 3819 Ovid.
399 3759 471 3819 Met.
496 3761 544 3819 IX.
571 3762 608 3822 35
636 3758 762 3842 (lortius
786 3762 946 3823 Claudiam
976 3782 1004 3840 p.
1030 3762 1105 3847 830)
1130 3765 1269 3825 affirmet
1293 3773 1349 3828 ta-

194 3861 328 3921 ctibus
357 3861 556 3922 scribendum
586 3880 676 3934 esse,
706 3863 870 3935 Bentlejns
901 3864 1061 3936 ictibus,
1092 3872 1228 3942 uterque
1260 3860 1350 3930 vocis

191 3961 371 4033 jactibus
402 3968 507 4023 certus
531 3966 637 4026 extitit
660 3972 865 4042 contemptor.
918 3965 1013 4038 Cujus
1037 3984 1212 4028 consensus
1237 3986 1351 4032 caussa

192 4064 339 4124 nimirum
361 4066 442 4125 haec
464 4067 541 4136 fuit,
572 4069 657 4143 quod
680 4069 727 4128 sic
749 4068 864 4129 dictam
888 4085 957 4131 eam
981 4087 1093 4131 vocem
1116 4071 1203 4131 nullo
1227 4076 1351 4145 veteris

194 4166 327 4237 alicujus
350 4167 517 4244 scriptoris
541 4171 689 4245 exemplo
715 4179 908 4245 repererant.
955 4171 1044 4242 Quod
1069 4191 1163 4249 quum
1187 4192 1251 4236 non
1281 4194 1351 4253 per·

194 4268 354 4342 spexisset
376 4269 531 4346 Hauptius
554 4278 682 4331 nostrae
706 4274 833 4348 potius,
858 4291 947 4349 quam
969 4275 1088 4337 latinae
1105 4276 1353 4340 consuetudinis
