2806 4866
600 223 712 294 15-

50 421 170 468 saevus
195 398 357 463 erexisset
387 417 503 477 corpus
530 396 593 470 jam
623 398 671 459 ira
699 397 739 459 ad
768 396 844 458 novi
874 388 982 459 cantus
1010 397 1212 461 dulcedinem

48 509 217 572 residente
241 499 421 565 stravisse?
452 503 515 564 hoc
539 501 624 562 enim
647 499 710 561 sibi
733 500 800 560 vult
830 486 910 561 illud
930 501 1038 562 latus
1062 504 1209 564 submi-

50 591 165 674 sisse
189 605 294 691 (ona
317 603 391 666 uer.
415 604 467 668 111.
490 605 542 666 aa.
568 603 767 681 posuisse
791 601 921 663 nomeu.
947 603 1017 664 soa.
1047 604 1210 667 uetxrv.

51 718 128 776 709.
153 708 404 788 deposuisse
427 707 517 768 Gerd.
541 706 628 783 Virg.
650 706 731 766 Aen.
755 703 818 762 Vll.
845 705 903 765 lot
928 723 958 781 p.
974 706 1015 766 22
1038 723 1066 768 a
1090 709 1121 768 G.
1142 708 1210 770 Vel.

53 817 156 876 Flacc.
179 812 228 872 lV.
255 810 328 890 378)
353 811 422 871 sive
447 805 689 879 demisisse;
719 823 869 877 armos,
892 813 926 867 ut
951 808 1036 885 apud
1058 807 1210 872 Senecam

53 914 146 979 Herc.
168 917 239 975 Fur.
264 915 341 975 tas:
364 915 479 975 latratu
501 910 592 991 gravi
614 910 700 970 Loca
721 915 807 971 muta
828 915 944 980 terret,
968 909 1077 973 sibilat
1098 920 1211 974 totos

50 1021 158 1080 minax
173 1018 314 1094 Serpens
331 1033 390 1091 per
412 1031 551 1076 armos.
585 1010 663 1071 Ulit.
676 1009 762 1071 Grat.
776 1012 849 1086 Cyn.
868 1013 929 1072 274
953 1031 985 1090 p.
999 1013 1068 1076 193.
1097 1015 1211 1077 Veram

50 1121 119 1183 alio
156 1108 257 1181 trahit
295 1125 328 1179 et
370 1118 474 1194 ipsius
520 1113 663 1175 Senecae
703 1117 800 1188 atque
838 1114 975 1176 Ennodii
1018 1119 1212 1193 comparatio

54 1230 90 1284 et
115 1222 185 1294 ejus
208 1222 338 1291 erroris,
363 1235 459 1296 quem
481 1234 577 1294 supra
600 1215 613 1274 l
634 1215 883 1292 designavimus,
906 1219 1093 1282 recordatio.
1139 1221 1211 1293 Qui-

53 1329 117 1389 bus
139 1325 257 1386 duabus
281 1326 374 1386 rebus
396 1334 598 1399 permoveor,
621 1323 656 1377 ut
678 1318 853 1395 antiquitus
868 1321 1213 1398 hocproditumiuisse

56 1427 201 1488 credam:
231 1423 566 1502 centicepsspiras:

253 1526 448 1590 Demittit
473 1531 591 1586 atras
613 1524 753 1586 bellua
775 1525 997 1604 centiceps

289 1630 400 1712 Spirae.

143 1734 233 1806 Quod
256 1733 361 1809 ipsum
375 1727 505 1793 ,Valerii
527 1727 630 1790 Flacci
652 1728 702 1788 Vl.
726 1729 806 1790 tte:
827 1732 1061 1808 spiramque
1082 1733 1214 1795 Medusa

54 1841 248 1899 Tercentum
299 1833 406 1910 saeuis
443 1834 641 1909 squalentem
678 1830 807 1891 sustulit
844 1832 975 1908 hydris“
1014 1835 1214 1911 aliorumque

61 1937 180 2022 (Burm.
204 1935 253 1997 lV.
278 1935 338 1996 393
368 1953 396 2011 p.
422 1935 479 1995 tet
510 1935 547 1994 cl.
570 1933 665 1995 Drak.
690 1932 745 1993 Sil.
758 1932 808 1992 Vl.
824 1932 886 1994 ild
911 1950 939 2009 p.
956 1931 1032 2018 307)
1055 1937 1213 2013 exemplis

61 2042 254 2102 illustratum
278 2037 427 2099 Heinsius
451 2037 529 2099 Adv.
553 2036 602 2096 lll.
627 2036 645 2094 2
669 2053 699 2112 p.
714 2036 774 2098 411
797 2053 843 2113 sq.
890 2035 1031 2099 Senecae
1045 2038 1213 2100 Hercoet.

62 2145 161 2204 tout:
208 2140 415 2217 Temporibus
439 2145 549 2201 atras
573 2138 729 2215 squalidis
753 2139 883 2216 spiras
900 2141 1024 2217 quatio
1039 2142 1156 2204 inferre
1168 2141 1214 2202 in-

55 2262 189 2324 gressus
221 2250 278 2305 est.
330 2244 480 2304 Ceterum
510 2258 573 2302 non
603 2247 725 2302 temere
754 2242 912 2318 suspicari
940 2244 1053 2304 videor
1080 2261 1119 2306 ex
1143 2244 1215 2320 ipso

60 2351 127 2409 hoc
156 2349 248 2416 loco,
281 2346 315 2407 in
346 2362 409 2420 quo
445 2344 695 2405 inveteravisset
731 2360 868 2416 aures,
900 2345 983 2420 apud
1012 2346 1216 2408 Claudianum

57 2453 149 2513 Eutr.
177 2450 199 2510 l.
224 2450 299 2511 teo:
329 2446 420 2508 canis
449 2482 492 2492 -
522 2444 679 2518 dejecit
716 2446 863 2509 sordidus
898 2455 1050 2510 aures“
1074 2449 1106 2509 in
1131 2449 1217 2509 Clau.

60 2553 205 2612 codicem
218 2556 250 2611 et
262 2550 438 2610 editionem
450 2546 649 2611 Visentinam
658 2549 792 2611 {luxisse
804 2550 824 2610 d
834 2551 908 2612 emi
918 2570 933 2611 s
944 2551 983 2612 it.
999 2550 1035 2611 ci.
1049 2551 1122 2612 LXI.
1136 2559 1215 2613 extr.

610 2720 672 2808 vll.

147 2863 227 2924 llinc
249 2863 339 2924 labor
361 2860 401 2921 ad
425 2875 552 2921 versum
573 2848 700 2930 litae,
725 2861 782 2920 dl:
887 2879 889 2882 ’

344 2979 401 3023 me
422 2962 593 3024 biremis
616 2960 835 3040 praesidio
859 2961 1039 3038 scaphae

276 3067 414 3139 Tutum
436 3081 508 3142 per
529 3068 719 3143 Aegaeos
741 3066 941 3126 tumultus

359 3170 455 3232 tare
475 3169 584 3228 feret
607 3169 881 3246 geminusque
902 3169 1063 3240 Pollux,

61 3301 159 3362 quem
181 3286 215 3347 iu
238 3289 487 3349 controversiam
508 3291 655 3348 uocatum
678 3286 935 3362 aPecrllrampio
957 3291 1221 3365 postquamnulla

62 3395 119 3449 aut
152 3388 371 3465 explicatione
404 3397 458 3452 aut
495 3387 718 3450 emendatione
750 3387 937 3460 adjuverunt
971 3389 1151 3454 Meinelrius
1188 3400 1221 3453 et

59 3491 232 3567 Hauptius,
255 3509 351 3553 ausus
373 3499 424 3553 est
445 3492 597 3554 Lehrsius
616 3509 646 3567 p.
673 3492 732 3553 llll
755 3490 795 3551 ad
816 3492 900 3552 hune
921 3499 1036 3555 statum
1051 3511 1220 3557 revocare:

61 3591 163 3666 Unda
185 3593 301 3654 ferat.
346 3594 413 3665 Quo
437 3595 517 3655 nihil
542 3594 1004 3674 imperitiusproferripotuit3
1029 3598 1220 3674 quamcnim

62 3694 124 3755 ille
160 3695 265 3757 animo
290 3696 479 3758 informasse
501 3696 628 3757 videtur
649 3697 779 3758 undae
801 3699 1024 3776 cognationem
1054 3718 1122 3760 cum
1145 3703 1221 3761 Ae-

61 3812 172 3873 gaeo
196 3800 331 3860 tumultu
354 3806 386 3859 et
407 3798 551 3860 biremi
586 3800 705 3875 scapha
740 3803 994 3864 consentientem
1029 3808 1060 3862 et
1094 3800 1221 3876 conspi-

64 3895 216 3960 rantem?
245 3901 312 3963 lam
344 3918 439 3977 quum
466 3917 507 3962 ne
536 3900 740 3964 mediocriter
770 3902 898 3978 quidem
921 3905 1088 3981 quisquam
1117 3901 1221 3962 Peerl-

63 4001 191 4078 kampii
214 4002 392 4063 inventum:
417 4005 538 4065 Astra
559 4004 662 4064 terent
687 4005 900 4083 geminusque
929 4004 1050 4066 Polux“
1069 4005 1223 4079 probave-

66 4103 120 4175 rit,
146 4105 292 4182 quamvis
316 4122 356 4166 eo
380 4108 596 4184 exemplorum
617 4123 737 4185 genere
760 4107 1021 4175 commendabile,
1045 4105 1085 4163 de
1098 4122 1160 4180 quo
1173 4112 1223 4168 est

66 4205 164 4265 illud:
195 4213 372 4269 monstra
395 4210 665 4285 geminosque
688 4225 842 4286 angues
865 4210 948 4287 (Axt.
962 4206 1223 4284 sp1n·tnn.p.ltt
