2806 4866
690 291 733 363 iii

132 470 238 530 Parad.
263 470 285 529 l.
312 470 325 529 l
358 470 423 544 pl
445 464 507 549 sq.)
537 466 676 543 vestigia
709 467 912 538 sequentem,
947 465 1049 525 altera
1086 465 1278 542 Europama

132 580 223 634 tauro
247 573 278 632 in
302 573 426 630 Cretam
449 569 582 629 insulam
606 569 803 644 inspectante
825 564 951 626 Venere
976 563 1064 647 (lior.
1089 587 1119 627 v.
1134 567 1277 651 ,ne-tr)

133 676 312 736 adseclam:
336 672 534 749 Antiphilam
551 669 636 730 enim
657 668 837 745 pingendae
860 669 1098 730 animalium
1123 676 1278 731 naturae

134 777 327 854 singularem
343 790 478 837 navasse
500 788 629 850 operam
649 771 838 831 documento
856 778 928 832 sunt
942 771 1087 833 Hesione
1101 779 1200 848 atque
1215 772 1277 848 liip-

135 881 263 957 poiylns
282 885 371 940 tauro
395 875 514 938 emisso
538 888 771 951 expavescens,
794 881 961 948 praeterea
974 875 1071 935 Liber
1088 881 1191 951 pater,
1215 878 1275 936 Ale·

133 983 254 1045 rander
275 997 371 1059 puer,
394 980 467 1049 ille,
490 979 519 1039 si
541 984 628 1038 recte
643 975 825 1048 conjectura
841 991 1020 1052 consequor
1035 995 1102 1038 rern
1121 970 1164 1039 ab'
1178 979 1277 1039 Jahnio
1323 982 1324 986 ’

134 1087 153 1146 l.
167 1085 195 1145 d.
219 1086 284 1162 ph
307 1081 579 1160 praetermissam,
601 1078 738 1156 tigribus
762 1085 891 1148 vectus,
920 1079 971 1140 hic
985 1081 1165 1157 Buceplrali
1187 1097 1278 1141 amore

134 1194 245 1264 ceptus
267 1186 345 1247 Ptin.
368 1185 386 1244 l.
407 1183 435 1242 d.

631 1400 804 1496 xxxvl.

217 1597 297 1660 ilinc
320 1595 390 1671 ipsa
412 1609 464 1656 res
486 1600 600 1655 avocat
629 1593 662 1653 in
687 1591 772 1653 illam
796 1593 955 1652 deversa
979 1592 1028 1652 lV.
1053 1594 1083 1663 8,
1110 1594 1166 1654 17:

343 1698 426 1759 h'on
451 1696 647 1757 incendia
670 1693 849 1775 carthaginis
874 1695 1025 1771 impiae

342 1799 455 1872 ujus,
478 1798 548 1875 qui
570 1799 723 1860 domita
745 1814 884 1859 nornen
908 1800 952 1858 ab
977 1799 1118 1859 Africa

343 1904 544 1964 Lucratus
567 1902 714 1972 rediit,
737 1902 893 1962 clarius
917 1901 1106 1962 indicant

343 2005 518 2076 Laudes,
542 2023 654 2082 quam
679 2005 875 2065 Calabrae
900 2003 1090 2064 Pierides

133 2110 372 2187 quaestionem,
411 2126 503 2184 quarn
544 2109 708 2186 praeclare
743 2126 763 2168 a
799 2107 945 2178 Bentlejo
981 2108 1159 2168 institutam
1200 2125 1281 2184 quun

132 2212 262 2291 plurimi
283 2212 419 2273 mirifico
442 2213 606 2273 tractarint
630 2211 820 2280 certamine,
843 2226 936 2271 nemo
961 2217 1065 2271 tarnen
1089 2213 1188 2286 plane
1207 2221 1238 2272 et
1252 2211 1281 2271 ad

132 2317 375 2394 persuasionem
397 2316 546 2393 apposite
569 2313 719 2375 absolvit.
765 2313 877 2388 Neque
901 2314 987 2374 enim
1009 2314 1075 2373 ullo
1100 2321 1197 2390 pacto
1222 2312 1281 2375 fieri

133 2426 258 2495 potest,
279 2425 313 2481 ut
335 2419 367 2480 in
391 2417 554 2480 Ouwensii
578 2412 676 2498 (hunc
699 2415 784 2476 enim
808 2433 865 2492 pro
891 2414 1036 2475 omnibns
1059 2415 1177 2477 afferre
1201 2413 1282 2496 licet)

133 2525 371 2601 acquiescamus
394 2520 690 2598 argumentatione,
718 2516 772 2594 qui
796 2536 919 2593 „quum
945 2526 1064 2579 certum
1087 2520 1130 2579 sit
1155 2537 1226 2581 earn
1247 2520 1282 2579 in·

132 2626 255 2687 tertium
281 2621 481 2685 librariorum
504 2628 599 2698 atque
634 2621 897 2696 interpolatorum
927 2621 1029 2682 luisse
1052 2622 1283 2698 impudentiam,

131 2733 167 2787 ut
188 2726 218 2787 si
246 2726 323 2803 quid
352 2725 521 2803 ingeniose
544 2731 640 2800 atque
663 2730 841 2801 opportune
865 2724 938 2784 addi
963 2725 1110 2800 poluisse
1134 2731 1283 2801 putarent,

131 2828 211 2890 illud
233 2829 451 2905 tamquam-ab
475 2829 547 2904 ipso
578 2832 675 2901 poeta
703 2826 879 2902 proiectum
909 2825 1054 2886 inserere
1085 2830 1226 2905 superbe
1248 2833 1284 2887 at·

132 2947 195 3009 que
209 2933 388 3009 importune
413 2931 623 3000 sustinerent,
646 2929 838 2990 versiculum
862 2930 950 2991 illurn
973 2948 993 2991 a
1015 2931 1097 2991 urata
1121 2949 1215 2992 manu
1239 2946 1286 3008 per

132 3052 283 3108 summam
305 3034 465 3096 inscitiam
487 3034 562 3094 huic
590 3034 661 3094 loco
687 3033 840 3093 intrusum
871 3049 945 3093 esse
977 3039 1009 3093 et
1033 3051 1091 3109 pro
1117 3033 1283 3096 Horatiano
1320 3104 1322 3109 Ι

64 3162 71 3175 ·
130 3136 247 3198 trustra
268 3136 455 3197 venditari“
478 3137 613 3197 affirmat
636 3135 737 3196 Noctt.
754 3134 924 3212 Hagiibii
956 3155 984 3213 p.
1003 3137 1080 3209 3883
1107 3138 1185 3212 quid
1210 3138 1285 3198 eninr

130 3243 194 3299 tarn
216 3245 353 3316 pugnat,
384 3257 476 3315 quarn
499 3238 585 3298 idern
609 3245 641 3299 et
664 3238 835 3314 ingeniose
868 3245 900 3299 et
924 3245 1104 3315 opportune
1130 3241 1284 3301 inventurn

133 3355 207 3402 esse
231 3347 263 3402 et
286 3357 344 3419 per
365 3358 516 3401 summam
540 3341 700 3403 inscitiam
725 3338 902 3403 intrusum?
926 3341 1036 3415 Neque
1051 3343 1090 3401 ab
1111 3330 1185 3418 ipso
1201 3345 1284 3403 Bent-

131 3441 204 3525 tajo
230 3450 284 3505 aut
318 3440 396 3504 illud
434 3444 494 3504 luit
530 3445 742 3521 explicatum,
780 3462 842 3520 qua
877 3443 1002 3504 tandem
1038 3445 1163 3505 ratione
1202 3452 1285 3516 „tam

131 3545 304 3622 conspicuo
325 3544 443 3616 errori,
465 3548 529 3607 tam
543 3548 692 3608 horribili
708 3545 948 3608 hallucinationi
961 3555 980 3579 “
1005 3546 1094 3606 locus
1109 3566 1172 3607 non
1191 3549 1285 3608 lactus

130 3647 242 3718 modo,
272 3648 331 3711 sed
354 3665 412 3725 per
441 3655 488 3709 tot
516 3650 672 3726 deinceps
702 3649 831 3710 saecula
862 3663 1036 3709 concessus
1067 3663 1143 3709 esse
1167 3651 1285 3710 videre-

132 3756 199 3821 tur,
222 3758 276 3812 aut
297 3752 360 3812 hoc
383 3752 556 3812 indicatum
579 3753 701 3813 nomini
716 3750 983 3828 Carthaginis
1008 3751 1038 3811 in
1065 3752 1170 3812 medio
1198 3767 1285 3812 versu

129 3853 287 3914 collocato
317 3853 456 3929 aliquam
485 3856 726 3916 excusationem
759 3852 807 3913 sic
835 3854 940 3930 parari
972 3870 1086 3929 posse,
1124 3855 1153 3913 si
1184 3870 1285 3915 verum

130 3953 200 4025 ejus
230 3955 318 4016 urbis
348 3973 461 4032 nornen
492 3958 610 4019 llartha
633 3991 675 4003 -
696 3954 816 4017 hadtha
846 3956 878 4016 id
908 3962 958 4016 est
988 3973 1102 4017 novam
1127 3958 1283 4018 civitatem

128 4056 281 4118 aSolino
311 4059 450 4136 aliisque
480 4060 639 4137 proditum
669 4073 744 4119 esse
775 4059 933 4119 Bocharto
958 4060 1052 4119 Chao.
1069 4059 1090 4119 l.
1108 4061 1146 4119 it
1174 4079 1203 4136 p.
1221 4060 1284 4120 512.

127 4160 165 4221 Α.
190 4158 225 4218 li.
250 4163 268 4222 5
293 4180 321 4239 p.
336 4164 407 4224 tur.
432 4166 458 4225 Α
480 4168 513 4222 et
536 4161 750 4221 Valckenario
775 4161 890 4237 Opusc.
914 4162 935 4221 l.
958 4180 988 4237 p.
1010 4163 1068 4223 tra
1092 4162 1220 4223 assensi
1243 4177 1283 4220 re-

128 4261 294 4324 cordemur
323 4265 472 4327 similiter
500 4263 607 4323 divisa
628 4248 756 4323 nomina
787 4262 1019 4340 Aristogitonis
1043 4271 1075 4323 et
1100 4259 1283 4340 Apollodori
