2806 4866
495 276 550 438 Ἰ
631 327 689 399 ror

104 494 212 561 lurru
236 501 366 578 surrigit
387 499 532 561 alitc‘⁴.
579 503 647 561 lt.‘2
673 523 703 578 p.
723 504 778 562 32:
815 507 941 566 lrumum
973 509 1096 572 Cursu
1124 513 1246 576 deserit

104 604 242 674 llitert.
279 603 425 680 Cogitate
450 602 577 677 quidem
608 605 670 665 lroc
697 603 759 676 jam
791 606 866 666 olim
895 607 1010 670 facturn
1033 619 1064 671 et
1086 615 1125 675 ad
1148 618 1246 678 totius
1303 609 1306 616 ’

104 708 149 767 oci
171 704 364 767 seutentiam
388 711 463 781 apte
487 705 649 766 inventum
681 703 780 789 (quod
803 710 858 784 qui
883 719 977 788 negat
998 715 1136 776 Orellius
1161 739 1190 794 p.
1206 721 1245 781 lb

104 812 139 871 ris
159 809 345 870 defunctus:
376 808 433 867 alii
468 809 570 869 minus
600 811 752 886 apposite
783 801 997 888 explicarunt:
1033 800 1157 891 volatu,
1189 821 1243 883 iur-

104 911 357 988 petu,.inslinctu
381 908 528 987 poetico,
552 909 681 971 Homeri
706 914 861 989 auspiciis
872 924 902 986 ⁴⁴,
928 917 999 993 ipse
1023 937 1137 981 causae
1161 929 1244 985 statu

104 1032 194 1091 parum
218 1013 349 1091 cognito
374 1019 407 1071 et
432 1013 615 1088 explorato,
639 1021 673 1073 ut
695 1016 834 1086 ossolet,
866 1025 977 1094 optare
998 1022 1125 1094 maluit,
1152 1042 1244 1101 quam

104 1115 237 1201 locere);
262 1115 320 1176 sed
345 1116 554 1191 probabiliter
578 1123 610 1175 et
634 1116 752 1177 latinae
773 1121 996 1183 consuetudini
1017 1127 1245 1189 convenienter

104 1220 200 1280 lactum
232 1235 273 1279 ne
301 1218 348 1277 sic
378 1217 504 1292 quidem
535 1219 730 1289 obtinueris,
770 1219 798 1279 si
831 1223 880 1280 vel
910 1226 1065 1286 acerrime
1102 1229 1243 1291 inculces

104 1339 156 1384 curn
179 1321 340 1397 Propertii
363 1320 467 1380 locum
490 1318 541 1402 (ll.
565 1323 616 1390 25,
640 1319 712 1401 84),
746 1323 778 1381 iu
803 1340 865 1398 quo
891 1327 1043 1388 olorem
1075 1349 1132 1407 pro
1157 1333 1189 1392 vi
1212 1340 1244 1393 et

105 1432 195 1486 ralura
219 1440 256 1483 oc
281 1421 373 1482 laude
396 1422 496 1482 oloris
520 1424 757 1483 commemorari
782 1423 947 1485 docuimus
971 1427 1099 1498 Quaest.
1123 1433 1162 1493 de
1183 1436 1229 1495 Au

104 1542 159 1586 rere
179 1530 280 1603 poeta
303 1525 322 1583 l.
338 1523 366 1582 d.
392 1541 421 1600 p.
439 1525 494 1584 10:
518 1531 552 1584 ut
574 1525 658 1585 enim
675 1526 902 1597 concedamus,
927 1530 1012 1603 quod
1026 1533 1156 1596 minime
1172 1554 1243 1597 cou-

104 1631 261 1691 :edendum
294 1635 359 1698 est,
390 1627 534 1688 alitem
561 1635 648 1688 recte
673 1646 730 1704 pro
754 1645 881 1705 cycno
905 1633 1061 1695 nominari
1090 1654 1128 1698 ac
1150 1639 1244 1700 dissi-

104 1735 242 1794 nulemus
266 1747 361 1808 supra
385 1732 615 1807 reprehensum
639 1733 807 1792 verborum
830 1733 988 1796 ordinem:
1023 1738 1094 1814 quis
1117 1741 1243 1803 tandem

105 1836 282 1897 »nectorem
319 1833 473 1909 quandam
511 1833 752 1893 similitudinem
789 1850 863 1893 esse
897 1837 1015 1898 dixerit
1053 1842 1135 1903 inter
1164 1846 1245 1906 haec

105 1941 184 2000 rerba
213 1935 388 2012 Propertii:
429 1952 488 1996 nec
513 1970 550 1980 -
576 1953 749 1996 canorus
778 1937 911 1997 Anseris
942 1939 1070 2003 indocto
1107 1947 1244 2006 carmine

105 2043 185 2101 :assit
219 2042 339 2101 olor“
383 2046 412 2099 et
456 2038 542 2099 illum
575 2055 701 2099 uersum
735 2038 874 2101 Horatii:
916 2058 934 2101 a
967 2043 1060 2104 Vario
1095 2048 1244 2109 scriberis

105 2143 226 2205 laeonii
249 2142 397 2204 carminis
421 2142 555 2202 alite“
580 2142 610 2200 iu
635 2142 732 2211 hano,
764 2143 792 2201 si
815 2141 877 2203 diis
901 2145 1022 2220 placet,
1054 2151 1243 2212 sententiam

105 2265 147 2306 am
170 2244 411 2322 explicandum:
436 2242 650 2303 celebraberis
674 2245 800 2304 olorirra
823 2245 878 2305 illu
901 2248 951 2317 ui,
983 2265 1044 2324 qua
1066 2251 1244 2314 Maeonium

105 2365 211 2409 arinen
237 2343 381 2408 eruirret?
428 2345 495 2416 Quo
521 2362 615 2405 versu
639 2350 755 2419 quanto
780 2346 960 2409 distinctior
983 2352 1171 2429 planiorque
1195 2362 1244 2415 est

105 2451 190 2512 >ratio
214 2449 339 2511 Sidonii
362 2448 560 2526 Apollinaris
583 2447 684 2522 Epist.
700 2447 777 2507 vlll.
797 2450 833 2508 11
860 2469 888 2525 p.
904 2453 982 2512 527:
1012 2460 1046 2513 ut
1075 2470 1147 2514 eum
1174 2455 1244 2527 jure

105 2570 240 2615 :anseres
265 2551 603 2630 postllorationos
629 2557 667 2609 et
689 2550 929 2614 Pindaricos
953 2572 1098 2632 cycnos
1121 2559 1245 2636 gloriae

105 2658 201 2730 pennis
225 2656 456 2716 evolaturum.“
504 2654 602 2714 Carm.
626 2651 733 2715 xlllll.
759 2655 836 2716 455:
861 2655 1010 2726 Quamvis
1035 2666 1107 2736 post
1130 2662 1244 2722 satiras

105 2775 251 2836 lyramque
283 2757 392 2819 tendat
432 2756 489 2817 llle
531 2756 570 2817 ad
603 2757 862 2820 Pindaricum
898 2764 1008 2823 volare
1049 2774 1244 2841 cycnum.“
1345 2789 1353 2796 ·

105 2858 187 2936 igitur
215 2861 344 2923 missam
372 2859 436 2931 jam
466 2860 618 2920 iaciamus
650 2861 754 2930 illam,
780 2879 872 2936 quam
902 2871 1029 2939 praeter
1059 2882 1135 2935 eos,
1164 2883 1244 2941 quos

105 2980 184 3040 supra
224 2962 475 3032 nominavimus,
517 2962 750 3022 Werusdorfius
775 2963 805 3023 P.
830 2965 861 3022 L.
885 2964 924 3023 Μ.
944 2964 1027 3024 tva
1061 2983 1091 3039 p.
1116 2969 1175 3027 586
1214 2973 1245 3026 et

105 3060 358 3127 llitsclrerlichius
392 3084 421 3142 p.
444 3065 484 3125 45
514 3064 780 3142 Weichertusque
816 3084 845 3141 p.
868 3067 906 3127 ab
934 3065 1069 3138 jactant,
1105 3068 1245 3130 Maeonii

106 3162 236 3230 carminis
267 3166 566 3229 sublimitatem
603 3173 636 3226 et
666 3165 936 3243 majestatem,
972 3169 1152 3242 videamus,
1183 3188 1244 3246 quo

108 3269 204 3342 ruent,
224 3271 313 3348 quod
334 3270 432 3330 iidem
455 3288 517 3331 non
542 3271 644 3330 minus
667 3270 780 3330 audaci
805 3272 942 3332 oonsilio
967 3278 1151 3350 suggerunt,
1178 3289 1245 3333 au-

108 3371 261 3445 spicium
285 3372 423 3433 Homeri.
475 3370 565 3443 Quod
597 3373 781 3432 vocabulum
814 3390 908 3448 quum
939 3374 1010 3450 ipsa
1031 3390 1083 3434 res
1106 3374 1246 3435 declaret

109 3482 155 3533 bon
175 3478 315 3554 positum
340 3491 414 3536 esse
437 3477 468 3536 in
494 3491 533 3536 ea
555 3476 732 3545 sententia,
757 3476 789 3536 in
804 3493 866 3552 qua
886 3475 1022 3554 legimus
1038 3478 1120 3538 haec
1134 3479 1245 3540 Anien.
1308 3480 1311 3489 '
1333 3460 1336 3465 ’

109 3569 245 3639 1).0.10;
284 3592 502 3653 oceanumque
533 3576 733 3638 Carminis
763 3579 991 3656 auspicium
1022 3579 1155 3656 primum
1183 3595 1246 3641 me-

111 3691 212 3743 rnorate
235 3685 393 3744 Camenae
403 3690 433 3751 ‘⁴,
458 3681 488 3742 in
514 3682 600 3742 illam
624 3680 829 3757 spectandum
854 3688 904 3742 est
926 3689 1064 3759 partem,
1098 3684 1130 3745 in
1154 3697 1245 3758 quom

112 3775 228 3860 dirigunt
251 3783 351 3845 Silius
369 3783 419 3843 Vl.
440 3786 496 3845 65:
519 3782 675 3859 patriis
699 3785 762 3843 beu
785 3783 902 3845 Punica
923 3786 1009 3846 bella
1031 3782 1246 3858 Auspiciis

112 3875 252 3959 ingressus
269 3893 367 3948 erat.“
393 3888 476 3947 Corl.
493 3889 607 3948 Lucan.
620 3883 657 3945 11.
672 3886 732 3947 llll
758 3905 787 3964 p.
803 3887 863 3947 bd't
888 3888 925 3949 cl.
944 3884 1105 3948 claudian.
1119 3880 1252 3957 1111114ο

114 3979 171 4046 5⁰⁰:
203 3990 325 4050 lilius
356 3988 564 4067 auspiciis
596 3989 751 4049 immensa
781 4006 839 4068 per
869 4005 1009 4066 aequora
1036 3986 1149 4054 miles,
1180 3982 1250 4042 Non

113 4074 238 4153 Plaustris
273 4095 411 4154 Arctove
449 4101 571 4170 regor“
615 4088 699 4174 (nam
736 4094 857 4153 omitto<
885 4096 917 4149 et
952 4091 1042 4164 Prop.
1065 4087 1113 4146 lV.
1139 4087 1168 4156 b,
1192 4084 1250 4144 23:

114 4181 195 4252 llinis
224 4195 342 4256 lovis
372 4195 504 4256 omine
535 4194 626 4255 velis.
680 4196 792 4255 Avien.
816 4195 903 4255 Aret.
927 4191 1043 4252 Phaon.
1068 4188 1101 4248 3:
1135 4185 1249 4247 lovis

116 4291 226 4356 ⁰bine
254 4299 378 4359 coelum
409 4297 447 4358 Et
468 4297 558 4357 iovis
589 4297 724 4370 imperio
754 4295 938 4355 mortalibus
970 4291 1101 4351 aethera
1134 4287 1250 4366 pando.

1039 4393 1076 4455 11
