2806 4866
653 310 696 380 85

105 495 137 539 re
175 482 305 542 virtutis
337 481 466 558 Spartos
501 485 697 560 amplissime
733 503 802 546 0111
832 487 960 562 plurimi
990 489 1162 565 scriptores
1185 491 1250 554 lau·

105 589 220 653 irunt,
258 600 338 659 quos
373 585 412 652 in,
442 585 580 646 medium
610 588 715 648 attulit
750 589 900 649 loensius
928 588 1028 665 Epist.
1057 608 1106 666 ap.
1137 592 1250 655 Graev.

105 691 252 763 untagm.
275 686 361 747 Diss.
385 687 490 760 pelo
506 705 571 762 sq.‚
602 670 659 750 nos
683 690 780 750 Theb.
804 692 872 750 lter.
897 691 989 767 Spec.
1013 709 1043 767 p.
1062 696 1162 768 9011,
1185 701 1250 756 tum

105 788 140 847 ui
168 789 408 864 Epaminondae
441 792 620 866 sepulerum
652 791 799 853 draconis
829 793 969 869 imagine
1000 793 1126 870 insigne
1151 798 1251 857 luisse
1352 848 1355 855 .

105 891 242 960 rodidit‚
259 893 431 954 Pausanias
445 892 522 953 VIll.
540 894 588 962 11,
606 898 639 956 5:
663 889 762 969 ἀσπὶς
784 885 837 958 ἐπ’
857 890 943 980 adrui
956 892 1114 977 δράκοντα
1131 895 1251 981 ἔχουσα

105 994 357 1074 τειργασμένον·
382 987 400 1058 ὅ
422 997 482 1076 μὲν
503 992 540 1070 δι’]
556 992 681 1078 δράκων
703 993 810 1061 ἐθέλει
834 1001 999 1079 σημαίνειν
1021 1001 1250 1082 τοῦγένους

108 1091 167 1158 ὦν
191 1097 389 1176 Σπαρτῶν
410 1099 614 1179 καλουμένων
636 1089 719 1162 εἶναι
742 1097 798 1163 τὸν
816 1095 1080 1182 Ἐπαμεινώνδαν.

177 1199 243 1259 Sed
272 1200 385 1260 Rutilii
415 1201 446 1261 ei
477 1201 566 1272 loco,
598 1219 691 1277 quem
717 1201 780 1274 jam
811 1203 907 1265 video
940 1205 1043 1280 ipsum
1067 1205 1245 1267 Peerlkam·

105 1304 180 1364 »ium
211 1320 240 1376 p.
263 1302 323 1363 385
353 1302 469 1363 leviter
497 1306 651 1365 transisse
687 1312 718 1365 et
754 1306 968 1367 tantummodo
1006 1307 1246 1383 perstrinxisse,

105 1405 237 1477 ,111101οι1
260 1406 394 1466 alterum
417 1405 438 1464 l.
463 1407 538 1466 233:
577 1407 640 1467 Seu
670 1408 732 1469 Pan
762 1408 934 1486 Pyrrhonis
964 1409 1135 1470 mutavit
1165 1409 1248 1470 Mae-

105 1509 163 1570 rala
185 1509 318 1577 silvis“,
343 1523 436 1581 quern
459 1525 528 1569 cum
551 1508 682 1570 Horatio
708 1511 730 1570 l.
756 1511 836 1580 tur
873 1528 1058 1587 comparare
1081 1530 1142 1573 non
1167 1512 1247 1589 lugit

105 1611 322 1679 lastalionem,
347 1611 427 1687 lugit
450 1600 735 1674 Mitsoherliolrium
758 1632 789 1690 p.
810 1615 876 1674 188.

604 1828 733 1924 xiil.

175 2020 313 2090 Quorum
335 2018 524 2080 auctoritate
547 2020 619 2080 duci
642 2020 742 2080 leune
765 2021 866 2090 solet,
896 2036 1005 2081 0111111
1029 2022 1115 2081 nulla
1137 2020 1247 2082 habita

105 2124 213 2185 ratione
234 2123 387 2183 Lelrrsius
411 2141 440 2198 p.
463 2123 501 2182 41
526 2124 672 2199 pepercit
696 2123 803 2185 versui
826 2123 861 2184 ll.
886 2126 915 2194 2,
942 2126 997 2185 ll:

260 2223 402 2285 Latius
444 2240 589 2302 regnes
625 2224 786 2286 avidum
821 2226 1016 2286 domando

259 2326 471 2403 Spiritum,
496 2343 607 2401 quam
634 2326 670 2386 si
692 2327 854 2402 Libyam
877 2330 1047 2389 remotis

166 2467 185 2500 0
260 2429 437 2490 Gadibus
459 2428 607 2505 jungas
638 2434 675 2488 et
696 2434 817 2510 1101ῃο
838 2430 949 2494 roam

143 2530 145 2533 ’
409 2529 577 2591 Serviat
599 2531 676 2592 uni.
916 2592 917 2595 ,
1063 2584 1065 2587 .

107 2629 212 2695 Etenim
237 2633 371 2704 „Poeno
396 2634 514 2694 nullum
537 2635 591 2694 hic
613 2635 717 2695 locum
743 2650 816 2695 esse
840 2642 986 2696 certum“
1014 2634 1177 2696 Meinekio
1200 2636 1245 2696 vi·

108 2748 159 2797 sum
181 2743 230 2797 est
254 2743 328 2812 post
353 2736 568 2813 Peerlkampii
591 2738 857 2812 disputationem,
882 2755 975 2814 quarn
998 2738 1128 2814 quidem
1149 2739 1247 2800 lacile

108 2853 198 2900 onnes
229 2839 404 2901 concedent
427 2855 501 2899 esse
530 2840 626 2918 longe
658 2840 843 2900 inferiorem
875 2839 1053 2899 subtilitate
1077 2839 1245 2899 Schraderi

106 2938 217 3003 Emend.
235 2942 286 3001 lV.
310 2961 340 3019 p.
356 2943 396 3002 18
411 2960 480 3017 sqq.
523 2942 561 3002 Et
584 2942 637 3001 hio
660 2941 788 3015 quidem
811 2958 869 3016 pro
889 2940 995 3000 Poeno
1018 2939 1129 3020 inlerri
1151 2939 1247 3011 jussit

105 3054 267 3117 pontum,
297 3046 537 3120 Peerlkampius
567 3051 672 3104 antem
703 3044 922 3112 Phoebum,
953 3048 1026 3119 post
1059 3058 1139 3116 quos
1167 3040 1245 3100 Mei-

105 3149 203 3210 relius
228 3149 313 3224 quod
339 3166 358 3208 a
381 3147 570 3219 Nemesiano
595 3148 669 3222 Cyn.
687 3149 727 3207 65
757 3146 875 3207 dietum
905 3146 1086 3206 invenerat:
1120 3144 1246 3221 gerni-

105 3251 155 3318 nis,
175 3254 245 3312 sub
269 3249 429 3311 finibus
453 3250 602 3319 orbis“,
638 3249 793 3310 calidiore
816 3248 954 3309 oonsilio
978 3248 1010 3309 in
1033 3246 1157 3308 Horatii
1180 3263 1244 3307 car-

105 3372 160 3416 101
189 3351 365 3415 transtulit:
396 3359 429 3411 et
458 3357 603 3426 uterque.
623 3349 755 3411 linis.“
812 3350 871 3420 Qui
896 3366 1006 3411 omnes
1029 3347 1243 3419 1111111001-

105 3459 202 3519 001011
233 3462 322 3525 sunt,
358 3472 451 3530 quam
482 3469 564 3530 qnae
594 3459 646 3514 aut
676 3453 729 3513 hio
753 3454 843 3514 locus
866 3453 972 3530 capiat
994 3458 1048 3513 aut
1070 3468 1246 3530 congruere

105 3560 178 3624 licas
200 3578 269 3620 cum
294 3558 522 3626 eoinstituto,
553 3556 639 3632 quod
668 3557 807 3617 cernitur
828 3557 879 3618 lll.
905 3556 955 3626 18,
979 3557 1016 3616 lt
1048 3554 1103 3635 (01.
1118 3555 1246 3615 Schrad.
1304 3574 1306 3577 ’

105 3664 151 3724 .d.
184 3665 332 3723 Ouwens.
354 3660 456 3720 Noctt.
488 3658 564 3736 Hag.
592 3658 638 3719 lll.
665 3661 681 3719 3
715 3657 854 3739 pacm:
890 3659 1005 3720 melius
1030 3673 1187 3732 -quam
1217 3656 1246 3715 si

105 3766 267 3845 lygdoniis
300 3780 432 3840 regnum
454 3762 598 3838 Alyattei
622 3762 748 3836 Campis
779 3763 992 3823 continuem.“
1030 3759 1129 3835 Epist.
1153 3758 1190 3826 ll,
1216 3759 1244 3826 1,

109 3873 164 3930 tl:
208 3866 326 3943 quidve
362 3863 526 3948 (prosunt)
565 3865 705 3926 Calabris
743 3865 883 3926 Saltibus
919 3862 1037 3935 adjecti
1074 3853 1244 3919 Lucani?“

105 3972 164 4033 lam
187 3971 346 4031 cumulate
369 3967 506 4029 consilio
530 3973 646 4044 poetae
668 3967 796 4028 videtur
819 3966 989 4033 satisfieri,
1023 3962 1052 4021 si
1074 3959 1245 4019 secundum

105 4080 250 4149 coeptam
272 4071 359 4132 illam
382 4070 645 4131 consuetudinem
674 4071 841 4131 maximam
872 4068 1038 4144 regionum
1060 4059 1241 4137 longinqui-

105 4181 184 4238 110111
206 4174 382 4235 definiendi
412 4173 592 4235 nominibus
616 4173 731 4232 Tanais
761 4178 793 4230 et
816 4167 949 4231 Gadium
978 4154 1245 4246 (utcapbfdreg.

105 4279 196 4339 1115
227 4274 427 4360 123812)
458 4277 529 4336 sire
552 4275 706 4335 Atlantici
734 4271 829 4332 maris
856 4276 894 4329 et
916 4266 1007 4329 Ponti
1032 4262 1143 4348 (Soph.
1167 4266 1244 4325 Oed.
1298 4339 1300 4342 Ι
