2806 4866
616 291 679 360 tut

96 459 176 518 litt
208 476 237 534 p.
256 458 327 529 324,
347 462 403 521 15:
435 457 538 541 μόνον
565 454 598 524 δ’
628 460 662 538 ἐξ
690 458 838 528 ἁπάντων
866 469 905 531 σέ
924 473 1095 550 κρατίστην
1116 470 1225 536 εἰκόνα

95 555 393 644 ὑσεωςιέξοπὲφηνε
422 558 574 647 κράτιστα
597 559 817 650 ἡρμοσμένην,
847 558 902 632 οἶα
924 567 960 648 δη
983 575 1038 635 τοὶ
1060 567 1153 650 σελῆ
1161 597 1227 653 νην

95 658 300 746 νοῖστροὶστ
324 668 378 727 καὶ
403 660 547 747 ζώπνρον
566 665 600 730 ἐν
621 670 730 754 κρυμῷ
751 672 806 732 τοὶ
828 672 960 752 χειμῶνι
991 682 1022 734 et
1043 675 1225 738 Demetrius

95 770 135 850 xpi
161 763 266 850 ἕρμην.
299 767 415 828 CXLVI
440 787 469 845 p.
484 770 535 840 68,
552 771 587 830 3:
618 762 789 855 Πέρῥοχος
810 769 919 855 ὥσπερ
941 767 961 858 ἢ
983 772 1126 854 σελήνη
1149 771 1225 840 τῶν

95 874 194 933 itata
224 866 386 955 ἄστρων
408 865 428 954 ἢ
451 863 469 934 ὅ
494 869 583 950 ἥλιος
611 871 844 960 λαμπρότερος.
900 876 996 947 Quam
1027 896 1092 939 rem
1115 890 1223 956 parum
1271 920 1276 929 ·

95 973 232 1049 trspexit
255 974 495 1052 Peerlkampius
518 979 598 1038 hacc
622 986 876 1056 argumentatus:
909 981 1075 1057 quomodo
1089 982 1151 1043 hoc
1172 984 1222 1044 Ju-
1245 999 1250 1008 ·

94 1094 137 1136 rm
164 1076 253 1137 sidus
276 1075 382 1136 medio
405 1077 459 1137 die
482 1080 603 1151 visum,
637 1081 722 1157 quod
750 1082 883 1143 Romani
913 1100 1078 1159 numquam
1108 1085 1222 1147 itcmm
1250 1135 1253 1143 .

96 1178 190 1250 dere,
227 1177 344 1238 micare
378 1185 501 1254 poterat
540 1182 623 1243 inter
652 1200 763 1245 omnes
793 1185 921 1255 stellas,
957 1201 1039 1261 quae
1068 1194 1162 1248 nocte
1189 1189 1254 1249 in-

95 1281 155 1341 ·elo
179 1277 354 1358 fulgent?“
389 1281 595 1359 Eandemque
618 1285 714 1362 fugit,
738 1303 834 1362 quum
857 1288 889 1347 in
905 1287 1099 1363 perennibus
1118 1291 1222 1351 stellis

95 1389 203 1444 ‚metas
233 1383 391 1444 numerari
421 1391 517 1462 neget
544 1386 682 1456 Plinius,
720 1393 825 1448 tamen
853 1406 917 1449 non
946 1390 1091 1453 Ouidium
1121 1393 1223 1454 solum

111 1487 157 1545 d.:
180 1485 241 1546 Fac
262 1484 369 1557 jubar,
393 1493 427 1545 ut
450 1503 612 1563 semper
635 1487 796 1565 Capitolia
817 1494 926 1550 nostra
942 1489 1109 1566 forumque
1121 1495 1222 1556 Divus

95 1607 101 1646 r
139 1589 268 1649 excelsa
298 1594 482 1664 prospectet
510 1589 612 1651 lulius
642 1590 752 1651 aede“
788 1592 826 1652 cf.
850 1590 1032 1663 Pont.ll.2,
1053 1593 1127 1676 86),
1164 1597 1223 1656 scd

98 1691 158 1750 iam
180 1691 378 1766 Propertium
403 1698 435 1751 et
456 1693 634 1753 Ausonium
657 1694 689 1753 ll.
706 1693 757 1754 dd.
780 1695 913 1765 lulium,
933 1695 987 1770 qui
1009 1695 1088 1756 deus
1110 1697 1223 1758 haberi

95 1799 198 1869 rep-tus
216 1800 321 1863 esset,
345 1795 465 1853 referre
487 1800 677 1864 „aeternum
694 1795 793 1856 decus
808 1797 913 1856 stellis
928 1798 1079 1861 insertum
1091 1808 1110 1833 ‘⁴
1134 1798 1221 1880 (Hor.

95 1893 112 1954 l.
137 1894 189 1964 25,
214 1893 246 1978 5)
284 1896 321 1954 cf.
346 1897 458 1972 Beger.
485 1897 579 1956 Thes.
603 1896 715 1957 Brund.
733 1898 755 1956 1.
779 1916 809 1974 p.
827 1899 896 1959 118.
944 1900 1092 1975 Denique
1115 1899 1221 1964 mirari
1251 1909 1255 1914 ’

94 1997 162 2057 rbiit
186 1995 263 2057 ista:
287 1999 396 2058 inter
424 2008 588 2059 omnes‘⁴
614 1999 747 2059 eundem
773 2014 834 2060 non
858 2000 978 2061 lecisse
1001 2002 1137 2064 meliora
1161 2005 1220 2067 hac

95 2097 260 2170 injectura:
292 2100 386 2161 micat
410 2102 449 2162 in
473 2101 663 2162 triones“
688 2098 736 2184 (ut
760 2103 871 2163 Avien.
898 2106 981 2164 Aret.
1002 2102 1117 2165 Phaon.
1143 2106 1221 2167 ³84:

95 2202 207 2262 eminas
230 2201 349 2262 micat
372 2203 465 2263 ardor
488 2204 524 2263 in
548 2213 697 2274 auras“
722 2205 760 2264 cf.
785 2202 1025 2266 Manilium:
1055 2222 1156 2282 equus
1178 2200 1221 2254 -—'

95 2304 170 2363 nitur
199 2302 231 2364 in
260 2302 551 2386 Andromedam“);
581 2322 652 2366 nam
684 2306 803 2375 „sidus
834 2308 980 2367 crinitum
1011 2323 1068 2383 per
1097 2317 1221 2386 septem

95 2407 201 2487 csin
237 2405 371 2484 regione
410 2406 512 2476 coeli,
550 2408 738 2481 quae-sub
769 2409 1130 2485 septentrionibus
1161 2418 1221 2484 est,

95 2515 295 2584 >aspectum“
319 2509 460 2586 prodidit
483 2509 556 2585 ipsc
578 2511 740 2586 Augustus
763 2527 814 2587 ap.
837 2509 915 2572 Ptin.
939 2511 959 2570 l.
976 2511 1005 2570 d.

529 2692 750 2842 axxxur.

146 2923 213 2983 Nou
237 2920 391 2981 minorem
412 2937 524 2980 versus
548 2919 605 2978 dd:

318 3023 479 3085 Crescit
501 3021 615 3086 cornito
637 3019 752 3079 velut
774 3021 894 3080 arbor
916 3017 986 3083 acto

318 3128 403 3189 lana
423 3125 550 3188 larcclll

95 3229 194 3287 racbel
223 3227 425 3305 disceptandi
454 3227 627 3288 materiam.
679 3225 778 3296 Quem
801 3241 928 3286 versum
957 3223 1220 3300 „expeditiorem
1329 3300 1333 3305 .

95 3326 242 3389 addidisse
266 3348 324 3406 pro
347 3329 517 3391 Marcelli
549 3329 713 3404 corrigens
736 3327 931 3388 Marcellis
953 3326 1221 3404 Peerlkampius“

95 3425 188 3491 idetur
204 3431 430 3508 Hcyncmanno
454 3431 601 3492 nimirum
614 3430 808 3491 Meinelrium
824 3429 1059 3505 Hauptiumque
1078 3434 1111 3487 et.
1125 3429 1221 3489 ltehr·

95 3548 143 3592 um
174 3552 204 3610 p.
229 3535 336 3605 XLIX,
367 3522 447 3610 quos
477 3551 540 3593 noa
570 3533 764 3602 nominavit,
800 3537 936 3607 sequuto
967 3536 1064 3606 atque
1086 3531 1146 3592 hac
1168 3531 1222 3591 de-

95 3642 167 3696 tnato
192 3637 409 3713 explicatione
433 3655 462 3713 p.
478 3637 534 3698 23:
558 3634 659 3712 „ipse
682 3634 923 3710 Peerlkampius
948 3633 1221 3709 interpolatricem

98 3753 185 3798 anum
209 3756 228 3798 a
250 3754 286 3798 sc
311 3739 496 3814 castigatam
526 3753 600 3798 esse
632 3739 750 3807 voluit,
781 3754 838 3798 nos
870 3742 902 3796 et
931 3737 1013 3796 hunc
1035 3735 1258 3817 scripturamv'

95 3844 216 3901 ‘totam
240 3841 401 3917 stropham
424 3840 556 3901 Horatio
580 3840 785 3900 vindicamus
839 3838 1032 3913 Quamquam
1054 3852 1116 3914 aon
1140 3832 1220 3894 diffi-

95 3957 165 4001 mur
179 3941 349 4020 imaginem
372 3943 534 4004 arboris
558 3943 720 4002 occulto
737 3955 838 4002 aevo
862 3935 1220 4011 crescentispaullo

95 4060 136 4104 ise
161 4046 378 4106 obscuriorem
401 4046 534 4107 necdum
557 4062 576 4105 a
599 4062 757 4120 quoquam
781 4044 860 4104 satis
884 4039 1083 4117 explicatam.
1128 4036 1221 4096 Uni·
1273 4121 1274 4125 Ἰ

95 4160 184 4206 erse
218 4154 324 4208 tamen
360 4147 392 4206 id
426 4143 605 4223 exprimere
640 4153 737 4224 poeta
773 4144 913 4203 voluit
950 4138 1221 4212 crescerentque

95 4247 175 4325 ageri
206 4250 401 4323 quotidie
431 4249 558 4324 magis
588 4254 730 4308 veterem
755 4247 865 4306 lamam
887 4224 1117 4302 Marcellorum.
1162 4238 1222 4298 Re·

304 4342 311 4356 “
1018 4343 1056 4408 12
