2806 4866
373 292 718 428 ,Ὑιιι

93 526 233 580 rerunt“
263 519 488 583 recordatione
510 519 635 585 Horatii
664 519 792 581 ductum
821 520 993 599 scripsisse
1022 504 1235 605 arbitraretur.

93 622 151 683 lud
179 623 309 698 quidem
339 624 441 701 liquet
473 643 536 685 non
566 639 672 685 earum
694 614 828 687 Horatio
859 624 948 686 c'ordi
976 615 1077 687 luisse
1100 627 1236 703 proelia,
1286 661 1287 664 ι
1314 701 1321 713 ⁶

94 741 156 784 uae
179 730 375 802 „prosectos
399 726 431 786 in
453 734 619 803 pugnamu
652 738 778 805 ungues
800 728 972 798 haberent,
1001 725 1162 809 utsvisum
1187 735 1236 790 est

93 829 203 888 tarthio
228 829 389 890 Claudiam.
413 829 519 906 Epith.
541 829 616 890 Pali.
637 830 695 892 lit
720 849 748 908 p.
769 830 847 902 lat,
878 831 936 891 sed
959 846 1083 894 amores
1107 837 1234 894 eonten-

92 929 244 1005 ionesque
281 932 438 1009 virginum
476 947 604 1008 semper
641 932 827 1004 cultiorum,
863 933 974 1010 quales
1011 932 1088 993 dicit
1120 933 1234 994 Paulus

93 1033 184 1094 tilent'
162 1035 276 1095 tianius
291 1034 411 1096 xxxii
435 1035 525 1097 Anal
549 1037 599 1096 Br.
614 1037 663 1097 lll.
687 1055 717 1114 p.
734 1039 791 1098 ta:
814 1040 877 1101 clar
898 1043 1008 1119 χεῖρας
1031 1037 1237 1118 Φαιδριινέιις

93 1127 194 1219 ἷνιῖχων
218 1127 437 1232 ἆμφιτεμοῗισ’
460 1132 564 1202 axido.
1095 1178 1099 1191 ι

588 1394 718 1492 lxxi
758 1341 760 1345 ’
807 1488 811 1493 ,

158 1587 248 1659 Quod
271 1603 395 1649 carmen
418 1586 483 1668 (ιιι.
508 1584 565 1673 20)
595 1582 762 1650 obscurum
793 1595 825 1650 et
856 1590 910 1651 vix
938 1588 1071 1650 Horatio
1103 1590 1233 1667 dignum

93 1690 154 1751 lixit
182 1690 424 1767 Peerlkampius
460 1709 488 1767 p.
506 1691 585 1761 321,
622 1691 656 1751 id
684 1693 765 1754 tanti
794 1693 856 1753 viri
888 1693 1077 1754 auctoritate
1114 1693 1232 1752 abrasus

93 1794 224 1854 'sehrsius
256 1812 286 1869 p.
310 1792 390 1853 CXX
417 1779 529 1853 licenti
560 1794 685 1870 potius,
717 1811 810 1871 quarn
832 1795 938 1856 faceta
962 1794 1113 1856 irrisione
1136 1795 1231 1856 corri-

93 1896 222 1968 vtiendum
254 1895 318 1956 sibi
339 1897 481 1973 putavit,
516 1894 578 1958 n‘on
608 1898 673 1958 aori
697 1902 730 1957 et
753 1896 902 1974 diligenti
932 1914 1035 1958 rerum
1065 1897 1230 1959 dubiarum

96 1999 322 2077 nuestigatione
345 1999 598 2075 pertentandum.
641 2002 711 2078 Age
734 2001 850 2079 igitur:
880 2001 957 2077 quia
977 2015 1119 2078 pugnare
1144 2001 1231 2062 vide-

95 2118 126 2160 ιιι·
145 2119 255 2162 versus
280 2105 313 2163 9:
337 2109 372 2163 tu
393 2104 519 2163 celeres
543 2103 678 2181 sagittas
702 2104 852 2181 promis“
876 2122 945 2166 eum
968 2118 1064 2164 versu
1090 2104 1123 2163 3:

300 2223 404 2283 Dura
425 2229 518 2300 post
541 2224 680 2300 paullo
703 2222 797 2307 ingles
821 2224 1003 2307 inaudax

419 2324 586 2386 Proelia
607 2333 769 2403 raptor,

97 2441 189 2504 deone
219 2445 253 2506 id
282 2463 338 2522 pro
370 2451 458 2506 certo
489 2445 706 2506 affirmandum
733 2447 811 2518 fuit,
843 2463 906 2538 quo
928 2461 1083 2506 concesso
1112 2447 1230 2510 doceas

93 2542 289 2623 tutandosque
311 2547 384 2609 fieri
408 2539 570 2624 potuisse,
593 2554 628 2608 ut
650 2550 872 2626 grammaticus
896 2548 1014 2625 aliquis
1038 2549 1139 2620 sive,
1143 2551 1230 2621 ,rhe-

96 2659 150 2708 or‘
153 2651 240 2725 ‚qui
261 2655 371 2728 parum
393 2656 481 2710 recte
504 2650 657 2724 sentiret,
682 2668 794 2714 versus
817 2669 920 2730 usque
942 2652 982 2714 ad
1002 2658 1120 2714 certam
1133 2671 1229 2740 quian-

93 2747 144 2811 laur
173 2760 206 2814 et
236 2748 442 2814 deformatam
464 2751 589 2835 Horatii
618 2755 864 2817 aemulationem
893 2755 1044 2834 speciose
1066 2754 1229 2819 effutiret‘?

93 2847 171 2920 luale
198 2854 395 2917 infirmitatis
425 2855 597 2934 suffugium
627 2847 767 2919 aversati
796 2859 978 2941 sio-potius
1002 2861 1169 2921 statuimus
1192 2861 1228 2921 li·
1306 2896 1312 2907 ·

93 2960 245 3020 uariorum
261 2940 399 3020 inscitia
420 2960 474 3020 hio
498 2966 661 3036 peccatum
686 2960 809 3034 aliquid
829 2976 920 3030 esse,
943 2958 1106 3020 Horatium
1121 2968 1228 3045 autem

93 3071 135 3120 ron
163 3063 265 3125 solum
294 3077 407 3122 vocem
438 3061 613 3124 inaudax
652 3061 828 3131 insolenter
862 3063 996 3124 finxisse
1026 3062 1228 3143 (quamquam

93 3159 195 3225 ridetur
226 3164 337 3240 quaeri
368 3180 483 3241 posse,
520 3182 559 3226 an
590 3165 665 3228 olim
696 3166 793 3237 luerit
828 3167 929 3227 rnale
964 3163 1108 3235 audax,
1143 3165 1228 3240 quod

93 3275 153 3324 runc
175 3273 223 3327 est
247 3268 426 3329 inaudax
449 3254 665 3338 otxxxt'tlt,
688 3258 887 3339 utl.3t,1t
912 3269 1118 3345 suburgens,
1142 3268 1228 3343 quod

93 3378 154 3429 tunc
174 3376 224 3430 est
246 3367 451 3454 adurgens),
483 3371 547 3431 sed
572 3371 669 3432 etiam
693 3375 822 3433 verbum
851 3371 1014 3432 addidisse
1037 3388 1099 3431 non
1123 3357 1250 3432 minus'

93 3472 246 3534 tusolenter
281 3472 438 3534 dictum
429 3490 462 3533 m
492 3475 573 3535 hauc
608 3481 735 3549 sentent
737 3473 814 3535 iam:
853 3471 1001 3566 quoniam
1032 3491 1095 3535 non
1116 3475 1227 3547 vides,

93 3580 186 3640 tronto
223 3575 366 3653 periculo
403 3575 537 3637 leaenae
576 3579 698 3639 catulos
726 3592 876 3647 moveas,
913 3592 973 3654 age
1001 3577 1082 3650 jam,
1120 3586 1227 3655 raptor

93 3665 300 3750 ignavissime,
323 3679 420 3740 etiam
441 3679 610 3754 proelium
622 3695 716 3756 move
742 3695 833 3756 quani
857 3681 1079 3743 durissimum:

237 3796 322 3857 Non
344 3797 482 3868 vides,
506 3806 660 3878 quanto
683 3815 849 3861 moveas
873 3774 1055 3877 periclo,.

240 3899 409 3976 Pyrrhe,
435 3900 632 3964 Gaetulae
656 3904 815 3964 catulos
838 3904 1026 3965 leaenae:

236 4004 341 4064 Dura
363 4010 457 4079 post
479 4005 623 4081 paullo
647 4024 749 4088 regens
773 4006 947 4068 inaudax

278 4118 280 4123 ’
365 4107 533 4168 Proelia
557 4115 706 4184 raptor.
786 4178 789 4182 Α

93 4205 157 4282 troo
180 4225 285 4300 ipsum
305 4227 438 4286 verbum
460 4227 607 4288 Eumoldo
631 4228 756 4305 Nigello
773 4229 891 4288 litae:
913 4226 979 4285 Jam
1000 4228 1104 4304 magis
1128 4233 1223 4303 atque

93 4324 169 4401 tagis
189 4342 280 4389 mens
303 4328 448 4404 improba
470 4330 559 4392 nutat
583 4335 616 4391 et
637 4330 733 4392 armis
748 4330 878 4409 insuper
901 4331 1039 4392 exsertis
1063 4331 1148 4392 bella
1170 4347 1351 4598 ιιιιλ
