2806 4866
694 304 732 376 10

126 479 199 565 sq),
223 481 371 558 placetne
383 477 479 576 statui
491 478 574 539 hunc
586 479 690 539 locum
706 478 785 539 satis
805 478 924 538 firmam
941 475 1083 547 ejusdem
1102 476 1183 538 vitii
1196 475 1286 552 suspl·

125 582 249 645 cionem
264 584 391 651 habere,
415 581 500 656 quod
515 581 706 641 inveteravit
717 581 748 641 in
760 597 798 640 eo
818 578 967 649 carmine,
981 580 1093 654 dequo
1111 579 1214 640 modo
1227 575 1288 661 (Vl)

124 685 334 748 absolvimus:
350 684 507 744 tumultus
523 683 651 760 spira:
664 681 889 760 „me—Spira
904 682 985 742 leret
997 681 1220 758 geminusque
1229 683 1288 742 Pol·

124 785 224 850 lux‘l“
249 787 323 848 Nam
347 785 456 863 „spira
478 785 674 846 involucrum
699 786 819 846 lunium
829 791 888 855 est,
905 785 988 860 quod
1003 790 1123 845 nautae
1133 802 1197 845 suo
1210 801 1290 845 more

125 907 300 952 curcumam
333 895 470 950 vocant“
506 888 608 948 Gloss.
640 887 711 949 Mai.
736 888 814 948 Vlll.
839 906 868 963 p.
895 886 974 958 580,
1009 904 1071 962 quo
1112 903 1241 965 genere
1266 889 1290 947 in

125 993 369 1068 tempestatibus
392 992 440 1052 uti
463 1008 592 1052 veteres
615 991 826 1053 consuevisse
849 1008 919 1051 cum
934 989 1003 1060 alii,
1026 990 1112 1050 inter
1137 991 1291 1067 (111581-

125 1098 239 1159 cuvius
263 1100 312 1155 est
335 1094 395 1154 lnc.
419 1093 489 1156 Fab.
513 1095 549 1154 fr.
575 1096 614 1155 28
638 1112 668 1170 p.
694 1096 753 1155 101
779 1094 866 1155 Ribb.
892 1099 923 1152 ct
946 1093 1165 1154 Tertullianus
1193 1097 1290 1155 Carm.

124 1186 164 1261 de
187 1201 266 1261 lona
298 1202 329 1256 et
358 1195 554 1280 1111111102)
586 1197 702 1259 docent
730 1204 797 1257 turn
829 1196 1057 1272 Euripides
1091 1197 1161 1270 lph.
1205 1199 1289 1257 Taur.

126 1303 224 1364 1373:
260 1295 385 1374 ’Ἁλλος
419 1299 454 1362 δὲ
476 1296 611 1375 πλεκτὰς
636 1297 803 1376 ἐξανῆπτον
825 1292 964 1379 ἀγκύλας
987 1306 1018 1358 et
1039 1299 1289 1360 Plutarchus

125 1405 165 1465 tle
195 1405 313 1465 Garrul.
338 1403 373 1463 X.
407 1420 436 1478 p.
466 1405 531 1465 109.
561 1404 631 1465 Vol.
655 1404 690 1464 X.
737 1400 814 1478 νεὼς
841 1406 899 1484 μὲν
920 1398 981 1485 γὰρ
1004 1395 1209 1484 ἁρπαγείσης
1231 1397 1290 1465 int

124 1503 302 1590 πνεύματος
312 1500 593 1588 ἐπιλαμβάνονται,
617 1509 810 1589 σπείραις
829 1510 883 1569 καὶ
906 1501 1100 1586 ἀγκύλαις
1124 1503 1161 1567 τὸ
1197 1503 1291 1588 τοίχος

125 1604 412 1692 ἀμβλύνοντες.
470 1608 707 1670 Scholiasta
742 1611 952 1685 Aristoph.
975 1609 1079 1684 Equit.
1103 1610 1167 1670 150
1193 1628 1224 1685 p.
1242 1612 1288 1678 00,

129 1717 184 1775 09;
218 1712 454 1797 χειμαζομένων
477 1715 530 1776 καί
553 1706 591 1774 τὰ
612 1715 742 1795 σχοινία
766 1706 963 1794 §euzoium
991 1708 1049 1776 σὺν
1071 1719 1143 1786 ταῖς
1166 1701 1286 1792 οἷγκί-

125 1821 217 1892 λαις
261 1813 314 1880 ἐπὶ
366 1813 558 1895 θάλασσαν,
608 1813 689 1880 ὥστε
730 1817 788 1879 τοῦ
828 1812 987 1890 κλύδωνος
1033 1808 1205 1898 ῥύσασθαι
1252 1813 1284 1877 τὸ

125 1925 249 1985 πλοῖον.
313 1919 377 1982 Sed
413 1937 479 1981 rem
509 1921 673 1996 plerisque
712 1921 957 1996 incompertam,
991 1919 1198 1981 aSchellero
1222 1920 1281 1979 llil.

125 2025 200 2085 Nau.
224 2025 259 2085 ll.
285 2028 301 2085 5
325 2041 355 2098 p.
380 2025 437 2086 151
466 2031 497 2082 et
518 2023 653 2083 Heinsio
676 2023 753 2092 Adq.
769 2024 818 2083 111.
843 2024 870 2082 2.
895 2042 922 2100 p.
947 2024 1005 2084 411
1032 2025 1277 2084 leviuscomme·

125 2132 276 2188 moratam
308 2126 476 2186 subtiliore
512 2142 588 2185 cura
625 2127 867 2200 explanavimus
891 2127 923 2187 11
950 2127 1070 2187 Cinnae
1095 2131 1271 2187 commenta-

126 2229 244 2289 riorum
277 2242 316 2286 ea
349 2231 454 2301 parte,
489 2243 551 2301 qua
583 2225 613 2285 in
644 2226 800 2304 Philolog.
823 2227 887 2286 llll.
926 2225 1042 2312 (1802)
1075 2246 1105 2304 p.
1127 2230 1181 2289 355
1203 2240 1267 2298 sqq.

129 2330 256 2406 vulgata
277 2335 308 2388 et
335 2344 392 2388 eos
405 2329 505 2398 locos,
529 2344 609 2403 quos
628 2346 724 2404 supra
742 2331 916 2402 attulimus,
940 2333 1124 2392 restituisse
1137 2328 1274 2388 ridemur

127 2432 304 2510 integritati
336 2447 412 2492 suae
448 2438 478 2491 et
512 2431 674 2508 Euripidis
699 2433 764 2509 lph.
787 2435 876 2494 'laur
912 2450 1038 2494 versum
1063 2435 1165 2495 lael:
1189 2425 1279 2491 πάλιν

127 2531 208 2598 ὤθει
223 2529 434 2618 πρωρῆσια
458 2532 571 2617 (111111.
585 2534 624 2594 Μ.
647 2554 676 2610 p.
693 2538 765 2606 111,
781 2538 831 2597 08.
878 2537 993 2597 Anecd.
1008 2536 1108 2596 Paris.
1123 2536 1174 2595 lv.
1192 2551 1222 2610 p.
1235 2535 1282 2594 10.

128 2639 232 2699 Schol.
255 2639 412 2713 Lycophr.
438 2638 498 2697 205
521 2637 618 2697 Paris.
645 2644 676 2696 et
704 2638 839 2699 Vindob.
863 2655 891 2713 p.
916 2642 955 2700 75
973 2646 1005 2699 et
1018 2641 1121 2700 Tzetz.
1145 2656 1177 2714 p.
1202 2637 1283 2716 528).

129 2745 168 2803 Α1
192 2742 224 2801 11
245 2739 376 2800 Horatio
393 2739 505 2817 pingui
521 2739 673 2809 Minerva,
696 2747 730 2799 11
744 2739 841 2811 ajunt,
865 2743 918 2819 agi
934 2741 1104 2818 quidquam
1129 2744 1283 2803 nolumus.

213 2844 322 2918 ltaque
353 2841 520 2902 molitione
552 2843 736 2903 arbitramur
768 2859 848 2917 opus
879 2860 952 2904 esse
975 2849 1010 2904 ut
1032 2843 1155 2915 majore
1181 2847 1227 2906 ita
1250 2844 1284 2905 ad

127 2947 287 3024 propositi
316 2945 465 3006 carminis
488 2946 619 3007 formam
641 2946 743 3023 magis
760 2948 1004 3007 accommodata.
1048 2944 1186 3010 Videtur
1205 2949 1284 3008 enim

128 3057 202 3110 ante
225 3047 445 3124 consignatum
471 3048 618 3108 extitisse
641 3047 732 3122 upri
755 3048 786 3107 id
811 3054 861 3107 est
884 3065 997 3109 nomen
1021 3050 1161 3110 librariis
1177 3065 1284 3124 parum

127 3152 288 3228 cognitum
311 3149 446 3223 cupri:
470 3148 610 3225 Cypri,
634 3150 743 3209 leret
766 3156 870 3210 autem
894 3167 950 3224 pro
966 3151 1074 3211 feres
1092 3153 1283 3213 eascriben-

126 3256 204 3316 tium
227 3253 360 3311 lenitate
383 3252 583 3324 provenisse,
607 3269 699 3327 quam
727 3253 924 3314 memorabili
949 3256 1167 3330 exemplorum
1193 3255 1285 3330 copia

128 3357 259 3417 instat.
283 3355 346 3414 Ecl.
369 3354 424 3414 ult.
450 3355 489 3416 58
513 3349 542 3430 1)’.
569 3357 608 3415 03
633 3354 804 3416 contestati
828 3374 951 3415 snmus:

337 3459 471 3518 Tutum
493 3474 564 3534 per
586 3459 776 3535 Aegaeos
800 3460 999 3518 tumultus

381 3559 1112 3641 0111111111311111111118111111.

209 3660 250 3720 Ut
276 3660 340 3732 jam
369 3679 431 3721 non
460 3662 558 3721 lateat
587 3661 718 3722 Horatio
753 3664 955 3739 potissimum
989 3669 1119 3723 auctore
1146 3678 1280 3722 —nam

126 3761 280 3823 Pollionis
296 3779 344 3837 ap.
391 3764 512 3823 Charis.
535 3764 556 3823 l.
570 3781 599 3839 p.
618 3767 656 3826 11
670 3781 798 3825 versum
813 3766 860 3825 sic
873 3765 1109 3843 corrigendum:
1124 3762 1281 3824 Veneri

128 3872 188 3925 est
211 3865 355 3926 antistita
379 3865 549 3940 Cypris“
573 3866 716 3928 differam
738 3868 770 3928 in
795 3867 914 3929 Cinnae
931 3868 1157 3930 commentaria
1171 3868 1194 3927 1.
1213 3871 1241 3938 3,
1269 3869 1278 3926 l

127 3984 304 4030 -nomen
340 3969 532 4044 Cypridis
563 3986 736 4045 usurpasse
759 3972 950 4043 Ausonium,
980 3971 1202 4042 Prudentium,
1237 3971 1281 4030 Si·

130 4072 259 4132 donium
284 4071 512 4145 Apollinarem,
536 4072 629 4142 alios,
654 4090 733 4148 quos
749 4083 994 4136 commemorant
1005 4076 1074 4135 Viri
1085 4075 1180 4135 Docti
1195 4074 1280 4133 Misc.

130 4174 217 4233 Obss.
240 4175 277 4232 11.
300 4189 330 4248 p.
354 4173 415 4233 212
440 4189 487 4247 sp.
532 4174 726 4233 Burmannus
760 4177 852 4236 Anth.
882 4180 951 4238 Lat.
975 4178 1023 4236 111.
1048 4179 1099 4247 00,
1124 4178 1141 4236 0
1166 4193 1195 4251 p.
1222 4177 1279 4237 080

129 4273 175 4351 (11
213 4274 302 4346 cujus
331 4277 475 4336 doctrina
505 4275 560 4349 qni
597 4276 775 4351 acquiescit
805 4279 995 4340 Arntzenius
1030 4282 1152 4339 Arator.
1182 4279 1221 4340 ll.
1253 4279 1280 4336 0.
