2806 4866
49 461 104 532 jus
132 474 284 519 suasores
310 457 483 518 extiterunt
505 454 687 528 Bentlejus:
717 459 797 518 nihil
828 458 994 520 adlabores
1024 459 1215 530 Sedulus,

50 571 180 624 cura“
212 577 250 621 ac
280 559 462 621 Meinekius
493 559 730 636 liauptiusque:
768 562 959 631 Sedulus,
990 572 1111 623 our0“
1141 560 1216 644 (qua

51 667 141 727 enim
174 672 242 725 arte
276 663 355 724 satis
377 664 510 723 tuebere
533 669 651 725 sortem
674 663 754 724 miro
777 664 953 742 ambiguam
983 666 1072 725 vocis
1096 667 1214 726 sedu-

52 771 119 829 lus
147 766 255 828 verbis
286 763 503 825 adlabores
539 772 570 824 et
600 783 692 826 eura
728 766 798 826 sive
837 783 931 826 curo
965 766 1091 826 mediae
1121 766 1215 826 inler-

54 863 223 948 positael)
247 875 300 928 aut
324 867 559 944 Cuniughamus
582 874 612 927 et
638 868 872 929 Wakefieldus:
907 866 1042 927 Sedulus
1067 878 1215 928 curae“

53 974 107 1033 vel
139 969 398 1046 Peerlkampius:
434 970 611 1031 adlabores.
671 970 859 1032 Sedulum
896 986 1016 1030 curae
1050 986 1155 1045 neque
1184 977 1217 1030 te

50 1076 263 1138 ministrum“
286 1073 503 1148 Lehrsiusque
527 1074 688 1149 p.Lllilii.
713 1094 742 1151 p.
757 1075 806 1134 to.
853 1076 1106 1136 Consentaneum
1131 1075 1216 1134 enim

50 1186 103 1240 est
134 1193 195 1254 per
223 1183 327 1236 certas
357 1181 389 1234 et
419 1175 611 1237 deformatas
643 1176 792 1252 quasdam
832 1184 940 1252 partes
977 1177 1152 1239 orationem
1176 1177 1215 1236 ad

50 1298 206 1343 summam
223 1295 291 1340 eam
309 1279 475 1354 proficere,
499 1296 591 1353 quam
609 1281 777 1340 ostendunt
798 1282 892 1341 haec:
916 1288 954 1340 te
977 1280 1164 1341 ministro
1175 1299 1215 1350 m,

51 1401 114 1445 me
135 1384 359 1444 bibentem:

228 1500 419 1576 Simplici
443 1520 524 1564 rana
548 1501 656 1560 nihil
680 1501 842 1565 adlabores.

226 1603 398 1663 Sedulus
422 1622 508 1666 emar
532 1619 664 1679 neque
690 1612 728 1664 te
751 1606 980 1666 ministrum

228 1706 415 1768 Dedecet
439 1712 590 1782 myrtus
620 1725 750 1783 neque
780 1725 836 1769 me
866 1711 935 1769 sub
960 1715 1045 1769 arta

380 1809 474 1868 Vite
496 1809 713 1870 bibentem.

52 1932 166 1992 Habes
187 1929 248 2002 iam
269 1930 339 1991 heri
363 1930 476 1989 lortius
500 1930 686 2005 imperantis
712 1936 743 1988 ct
759 1929 867 1989 vinum
888 1929 1087 2005 properantis
1104 1945 1214 1989 vocem

57 1998 200 2094 similem
229 2033 413 2094 notissimae
445 2032 511 2092 illi:
542 2048 663 2092 serva
694 2032 820 2108 (Adnot.
845 2030 884 2091 ad
907 2030 983 2091 Stat.
1008 2030 1072 2090 Ecl.
1096 2031 1150 2090 ult.
1174 2032 1213 2091 46

55 2155 85 2214 p.
106 2116 188 2216 72);Ι
202 2151 342 2196 curare
366 2134 451 2196 enim
474 2137 602 2195 verbum
627 2151 701 2195 esse
716 2150 847 2195 mensae
864 2141 895 2194 et
910 2134 1079 2194 convivii“
1106 2132 1214 2217 (Di-ak.

49 2239 120 2301 Liv.
147 2236 281 2297 XXVIII.
310 2238 358 2306 14,
384 2237 416 2320 i)
450 2237 522 2312 quis
553 2244 601 2297 est
626 2239 680 2313 qui
703 2233 851 2299 nesciat?
899 2237 942 2296 Cf.
967 2236 1033 2296 Tib.
1057 2237 1078 2296 l.
1104 2239 1133 2307 5,
1159 2239 1213 2298 33:

47 2345 138 2402 hunc
162 2339 308 2400 sedula
329 2345 445 2400 curet
472 2373 508 2384 -
533 2340 756 2401 ministra.“

139 2617 186 2677 Ab
211 2614 278 2675 illis
301 2620 407 2674 autem
431 2615 552 2684 verbis,
584 2630 665 2689 quae
689 2616 850 2675 nonnullis
873 2615 1035 2692 placuisse
1058 2612 1214 2673 diximus:

49 2718 230 2778 sedulus
254 2732 374 2776 curae
404 2711 457 2797 (ci.
482 2717 623 2778 Sarbiev.
648 2718 668 2777 l.
695 2717 712 2776 4
745 2737 774 2793 p.
793 2719 826 2778 8:
867 2717 1003 2778 Sedulus
1027 2714 1214 2800 metae“)‚

46 2821 130 2881 lieet
167 2821 341 2880 deflectere
378 2820 418 2880 ad
454 2822 557 2880 locum
594 2820 757 2882 doctorum
791 2822 1047 2881 contentionibus
1077 2819 1213 2880 mraxime

47 2923 293 2984 memorabilem
317 2922 366 2983 lV.
391 2925 421 2993 b,
447 2924 501 2982 ll:

185 3040 262 3101 Sed
284 3044 412 3119 palam
436 3043 527 3127 captia
551 3045 707 3121 gravis,
738 3045 816 3102 heu
847 3043 958 3102 netas
987 3042 1082 3110 heu,

181 3143 358 3206 Nescius
381 3146 459 3206 lari
485 3163 636 3223 pueros
661 3147 834 3207 Achivis

186 3246 330 3307 Ureret
352 3248 541 3318 flammis,

46 3367 104 3427 ubi
127 3367 288 3427 Achillem
318 3369 407 3428 illum
440 3370 609 3447 impigrum
641 3375 672 3428 et
701 3385 804 3428 aorem
835 3384 893 3427 nec
916 3367 1041 3443 coeptis
1064 3381 1213 3441 umquam

18 3539 21 3542 .
49 3485 222 3530 excussum
245 3470 460 3532 dictum·esse
483 3472 626 3548 coepti
650 3487 825 3547 gravem:

201 3608 276 3668 Sed
300 3611 431 3685 palam
453 3611 548 3690 coepti
571 3610 710 3687 gravis

47 3742 104 3826 (ci.
140 3742 194 3803 Sil.
226 3744 274 3803 lll.
309 3746 384 3805 ltu:
418 3748 559 3822 coepti
590 3748 728 3806 lentus.“
789 3746 949 3806 Claudian.
972 3746 1056 3805 Eutr.
1080 3747 1100 3804 l.
1134 3745 1211 3803 350:

47 3846 222 3924 gravior
251 3865 406 3908 morum.
463 3849 535 3909 Hor.
559 3851 578 3908 l.
603 3866 700 3924 supra
722 3848 776 3907 XX
799 3848 844 3906 d.:
882 3848 1042 3908 stimuli
1075 3842 1212 3927 levis)

48 3950 329 4023 comprobavimus
361 3950 436 4012 Stat.
468 3952 605 4024 Coniect.
636 3940 698 4010 llll.
731 3970 760 4027 p.
786 3953 857 4012 206.
925 3951 1119 4023 Quamquam
1156 3946 1212 4006 alii

46 4054 189 4112 sortasse
207 4054 324 4113 malent
341 4056 506 4132 coeptis
530 4055 653 4132 gravis,
677 4061 712 4114 ut
734 4055 847 4115 leuis
870 4053 1014 4119 frenis,
1039 4048 1211 4110 aliaDrulr.

47 4155 105 4216 sil.
131 4154 167 4212 V.
196 4157 257 4216 363
280 4176 310 4232 p.
326 4159 386 4217 att
420 4160 457 4218 cf.
483 4158 558 4219 Stat.
583 4156 670 4229 Conj.
693 4158 749 4216 Vll
773 4175 801 4233 p.
821 4157 891 4215 184.
