2806 4866
650 385 713 457 tet

105 571 230 616 mensae
254 555 316 616 ira
340 556 583 629 percussit.“
617 559 661 618 Gi.
683 558 808 620 Dionea
829 566 938 623 nostra
959 563 991 624 in
1013 566 1094 626 Actt.
1126 569 1259 631 Darmst.

108 659 183 718 ista
208 677 237 734 p.
257 659 347 720 1205.
393 659 431 721 Et
454 656 548 730 hujus
572 661 701 735 quidem
725 663 905 725 sententiae
930 660 983 746 (ab
1008 666 1128 730 Orellio
1152 688 1181 746 p.
1197 672 1258 733 lot

106 760 264 823 nonsatis
289 777 468 838 perpensae
492 770 588 838 atque
617 763 816 850 exploratae)
847 782 886 826 eo
915 765 1019 828 minus
1043 786 1125 830 nunc
1147 776 1260 848 poeni·

109 871 163 934 tet,
193 864 279 939 quod
306 864 474 924 Lehrsium
504 883 534 940 p.
558 865 624 926 Llll
649 866 712 939 jam
736 869 881 930 videmus
913 871 1125 946 supposuisse
1148 891 1259 938 vocem

110 968 195 1026 vilem
217 967 362 1041 nullique
385 967 584 1028 librariorum
608 967 744 1040 injuriae
763 971 947 1033 obnoxiam:
971 970 1043 1044 Qut
1065 975 1255 1051 geminant“

110 1069 195 1142 idque
219 1069 338 1128 iecisse
361 1075 542 1145 contempta
563 1071 753 1131 auctoritate
775 1072 930 1145 Bentleii,
961 1090 1054 1150 quem
1084 1083 1172 1136 recte
1195 1079 1257 1139 hoc

113 1171 287 1244 protulisse:
311 1170 350 1230 Si
374 1171 537 1248 geminant
547 1181 566 1208 ‘⁴
587 1158 767 1244 judicarunt
782 1173 963 1238 Meinckius
979 1182 1075 1252 atque
1090 1177 1256 1255 Hauptius.

214 1494 232 1539 ,
612 1407 748 1506 tux.

181 1581 329 1653 Ejusdem
352 1582 480 1642 Lehrsii
503 1601 532 1660 p.
557 1583 607 1643 ult
630 1583 767 1645 consilio
791 1601 918 1646 versum
942 1587 991 1646 tlt
1017 1588 1046 1657 c,
1071 1587 1128 1648 22:

331 1684 459 1746 Motus
483 1686 622 1748 doceri
651 1687 802 1764 gaudet
823 1688 991 1750 donicos

331 1788 441 1850 dataro
464 1787 544 1871 virgo
568 1795 606 1848 et
628 1788 813 1865 lingitur
840 1789 998 1851 artibus

112 1884 170 1965 (sut
193 1891 357 1965 exemplo,
382 1891 495 1961 credo,
525 1890 754 1966 Peerlltampii:
785 1890 1115 1976 Amatrevirgo“)
1146 1894 1254 1957 immu-
1354 1875 1373 1953 .-

111 1992 182 2052 tandi
203 1994 256 2052 vel
280 1994 341 2053 sic:
376 1993 627 2068 Matrumque
655 1991 744 2069 virgo
774 1993 903 2070 fingitur
925 1995 1074 2055 artibus“
1107 1995 1161 2053 vel
1183 1995 1254 2063 hac,

111 2109 178 2165 qliae
201 2096 232 2154 ei
256 2097 363 2172 potior
386 2097 457 2156 visa
489 2101 554 2164 est,
579 2095 718 2156 ratione:
741 2095 912 2157 Romana
933 2095 1025 2173 virgo
1047 2100 1078 2156 et
1096 2095 1253 2173 fingitur“

110 2188 198 2271 (cujus
235 2198 369 2259 rationis
389 2225 392 2228 ⁴
409 2214 469 2275 ego
504 2198 600 2258 video
640 2198 789 2259 extitisse
830 2213 994 2260 suasorem
1028 2204 1254 2276 auctoremque

107 2297 221 2361 Artium
246 2299 332 2373 conj.
357 2301 444 2362 Hom.
468 2320 497 2378 p.
515 2301 553 2359 21
578 2299 946 2375 Progr.Crucen.18tttl:
971 2301 1139 2363 Romana
1161 2302 1252 2380 virgo

111 2393 140 2459 et
155 2403 306 2482 lingier
328 2405 464 2477 artibus;
486 2402 550 2475 jam
573 2417 654 2463 nunc
678 2409 710 2462 et
733 2402 817 2484 -“)
840 2405 966 2466 obviam
988 2403 1126 2464 eundum
1148 2409 1197 2464 est
1221 2411 1253 2465 ot

108 2504 314 2567 obsistendum
328 2507 369 2567 iis
385 2505 596 2583 argumentis,
621 2505 736 2581 quibus
749 2505 839 2584 Valg.
863 2523 893 2581 p.
911 2505 1089 2568 tar-403
1110 2522 1252 2582 compro-

107 2603 237 2668 bavimus
253 2611 291 2670 ab
310 2609 441 2670 Horatio
458 2623 571 2668 versus
585 2607 725 2669 21-25
740 2627 803 2669 non
818 2610 859 2669 de
872 2610 1008 2670 motibus
1020 2608 1140 2670 ionicis
1156 2613 1261 2692 atque.

108 2708 170 2770 aliis
191 2712 327 2782 artibus,
351 2711 410 2772 sed
434 2711 475 2770 de
497 2711 567 2771 sola
589 2710 701 2772 tonica
718 2710 910 2783 saltatione,
935 2729 997 2788 qua
1019 2712 1139 2772 nullum
1152 2708 1251 2783 majus

108 2818 152 2871 aut
172 2815 392 2876 detestabilius
414 2818 502 2874 esset
525 2830 665 2874 amorum
689 2814 935 2885 irritamentum,
959 2815 1097 2892 scriptos
1120 2829 1209 2875 esse:

241 2921 243 2926 ’
308 2917 437 2977 Motus
460 2916 602 2976 doceri
625 2916 774 2993 gaudet
795 2915 962 2977 donicos

307 3020 463 3080 Matura
485 3019 601 3094 virgo
626 3024 664 3076 et
687 3015 831 3099 frangitur
852 3017 982 3094 artatas,
1048 3041 1050 3046 ·

346 3122 427 3183 Jam
451 3139 552 3182 nunc
575 3126 614 3179 et
637 3121 825 3185 incestos
849 3135 1002 3181 amores

394 3225 448 3285 De
470 3229 615 3283 tenero
640 3222 858 3304 meditatur
879 3222 1013 3298 ungui.

111 3315 210 3403 Fingi
235 3329 286 3386 vel
309 3327 442 3404 frangi
465 3326 632 3387 artubus
657 3327 758 3396 enim,
783 3327 867 3400 quod
882 3326 968 3388 idem
985 3330 1034 3384 est
1049 3330 1146 3399 atqua
1161 3322 1251 3393 illud,

113 3429 181 3494 qnod
201 3429 447 3505 Amphilochius
469 3428 569 3505 Epist.
599 3429 638 3489 ad
662 3429 785 3489 Selene.
809 3429 848 3489 92
878 3446 909 3504 p.
925 3427 995 3490 act.
1020 3429 1048 3488 A
1068 3427 1252 3503 usurpavit:
1290 3474 1294 3481 .

110 3530 198 3600 natm
219 3535 387 3613 λυγισμοῖς
407 3525 683 3613 σνγνατακλῶντες
704 3525 800 3612 φύσιν
824 3527 925 3622 (Valg.
957 3548 987 3606 p.
1003 3530 1065 3590 399
1094 3528 1133 3589 ci.
1152 3529 1250 3604 Toup.

109 3623 243 3695 Emendd.
256 3634 342 3695 Suid.
357 3636 379 3694 l.
403 3651 434 3710 p.
451 3633 537 3718 109),
560 3622 643 3696 nihil
667 3633 803 3709 propius
816 3637 849 3692 et
863 3631 927 3692 sibi
941 3629 1119 3703 adiunctids
1132 3631 1251 3691 habore

108 3743 137 3788 lt
156 3738 204 3798 his
227 3739 336 3799 verbis
361 3733 501 3814 prodita:
534 3737 611 3809 jam
634 3751 733 3796 nunc
756 3730 869 3816 (quum
890 3740 1012 3794 matura
1022 3733 1161 3793 ‘ionicos
1184 3745 1251 3791 mo-

107 3832 149 3898 tus
169 3840 272 3920 novit)
297 3847 329 3900 et
352 3841 493 3901 incestos
517 3854 643 3900 amores
665 3838 713 3898 De
737 3841 848 3896 tenero
871 3834 1092 3912 meditatur
1113 3832 1250 3910 ungui“,

105 3948 182 4023 ‘luae
200 3960 268 4006 cum
293 3943 367 4005 aliis
389 3943 471 4005 locis
488 3943 626 4004 illustria
641 3941 776 4004 fecimus
799 3958 829 4016 p.
845 3939 905 3999 tut
929 3944 995 3998 tum
1007 3933 1251 3997 Automedontis

105 4031 328 4127 Epigrammata
344 4046 392 4107 tlt.
412 4049 425 4106 1
453 4047 546 4108 Antn.
561 4045 611 4106 Gr.
628 4063 657 4121 p.
674 4046 750 4106 191:
776 4039 842 4118 Τὴν
864 4035 929 4102 ἀπὸ
952 4039 1006 4115 τῆς
1021 4030 1136 4111 ’Λσίας
1158 4031 1250 4118 ὀρχη-

105 4151 226 4232 ῖτρίδα,
250 4145 305 4226 τὴν
327 4149 532 4235 κακοτέχνοις
550 4143 718 4230 §pittacia
739 4138 926 4220 ἕξ,ἇπαλῶν
946 4141 1110 4220 κινυμένων
1132 4129 1253 4220 ὀνύχων

105 4251 221 4330 atsto,
247 4245 307 4332 οὔχ
330 4248 380 4315 ὅτι
403 4248 507 4312 πάντα
529 4255 724 4314 wodalricus
748 4238 820 4311 οὔδ’
844 4239 1019 4325 disdailida
1048 4237 1116 4315 Τὰς
1127 4234 1254 4314 ἁπαλὰς

105 4335 226 4429 {natea
262 4343 323 4420 dte
357 4355 412 4418 καὶ
448 4342 509 4417 ὦδε
540 4346 651 4435 χέραζ,
687 4353 825 4412 declarat
854 4347 1029 4424 Procopius
1051 4363 1102 4421 ap.
1123 4343 1252 4411 Villois.
1335 4345 1337 4349 ’
