2806 4866
734 315 795 385 ΙΙΙ

188 505 287 557 mern,
312 486 394 562 quod
418 486 613 548 Horatius
637 493 747 547 arcet
770 486 980 563 ingressu,
1011 491 1115 545 tamen
1147 503 1202 546 sua
1223 487 1308 560 cuique
1353 504 1357 575 1

190 600 306 651 sacra“
342 595 373 647 et
395 588 544 660 Petronio
573 588 646 647 118:
685 589 857 649 sumendae
882 603 979 647 voces
1002 605 1021 647 a
1044 588 1138 663 plebe
1168 590 1310 655 submotae.

189 701 223 753 ut
245 694 300 752 iiat
325 691 396 750 Odi
420 689 632 767 profanum
655 691 802 766 vulgus
826 697 864 749 et
886 698 1039 750 arceo.⁴‘
1091 690 1201 764 Neque
1230 691 1311 749 inten-

190 795 348 870 pestivum
371 792 411 854 ad
434 808 492 851 eos
516 791 678 866 praeverti
700 806 831 860 versus,
856 809 936 866 quos
960 789 1014 866 qui
1038 784 1171 852 Horatio
1195 790 1313 867 indignos
1354 795 1357 847 Ι

189 912 263 957 esse
294 913 356 955 non
387 891 547 954 concessit
576 891 799 968 Peerlkampio
829 890 1059 966 Meiuekioque
1087 893 1236 952 Lehrsius
1266 893 1315 967 ipsc
1355 875 1357 955 s

189 999 310 1059 maculo
322 995 440 1072 adecit,
460 1011 552 1069 quam
568 1011 663 1071 snpra
674 993 725 1054 XL
739 1011 768 1069 p.
782 993 820 1052 Ι3
843 993 1062 1054 indicavimus.
1096 994 1159 1054 Nec
1171 994 1316 1069 Septimius
1355 992 1357 1035 Ι

189 1100 317 1176 quidem
340 1096 381 1157 iis
405 1095 541 1156 intendit
564 1102 617 1156 aut
641 1096 767 1155 obviam
799 1095 873 1165 ivit,
908 1112 990 1170 quae
1019 1097 1211 1174 gravissime
1237 1097 1317 1157 Peerl-

189 1201 336 1275 kampius
365 1197 562 1274 vituperavit
592 1196 659 1256 his:
708 1196 816 1267 „Quid
849 1195 902 1257 hic
931 1194 1102 1258 dominus?
1148 1200 1196 1259 An
1226 1207 1254 1258 et
1279 1201 1318 1259 ilia

190 1320 253 1364 una
275 1318 344 1361 cum
366 1300 493 1360 famulis
516 1304 549 1358 et
572 1299 773 1374 redemptore
796 1315 921 1359 manum
944 1301 1035 1376 operi
1066 1298 1238 1362 admovet?
1278 1302 1318 1360 Re-

190 1403 347 1481 spondent
377 1402 585 1475 interpretes:
620 1399 804 1461 dominus
835 1400 952 1460 adest
983 1408 1020 1461 et
1050 1409 1227 1479 spectat.
1275 1403 1318 1462 Sed

189 1509 251 1567 hoc
275 1521 315 1566 ex
337 1503 444 1563 verbis
467 1518 529 1562 uon
553 1501 727 1562 conficitur.
781 1502 936 1563 Dominus
959 1503 997 1563 in
1020 1505 1118 1564 mari
1142 1505 1319 1566 aedificat

190 1626 247 1686 pro
272 1606 442 1668 aedificare
464 1602 553 1674 iubet
576 1602 708 1663 latinum
731 1608 790 1663 est.
835 1604 1050 1666 caementa
1077 1606 1258 1667 demittit
1275 1605 1320 1676 im

109 1723 112 1727 ·
189 1711 293 1772 minus
316 1706 519 1785 probandum.
554 1704 635 1774 Quia
655 1705 687 1766 in
708 1704 764 1765 tali
785 1721 820 1765 re
832 1706 1013 1767 universam
1027 1708 1168 1782 aliquam
1182 1709 1319 1769 notionem

189 1811 353 1891 ponimus,
382 1825 444 1869 non
474 1807 657 1884 specialem.
715 1805 778 1866 Sed
808 1816 973 1869 coementa
999 1809 1139 1870 demittit
1175 1827 1253 1871 curn
1278 1806 1323 1869 ia?

189 1913 311 1976 mulis
334 1929 396 1973 non
418 1915 538 1971 tantum
561 1915 609 1968 est
631 1908 752 1969 domini
772 1908 931 1981 jubentis,
955 1911 1132 1972 sedetiam
1155 1912 1319 1984 adjuvantis.

189 2017 313 2080 Deinde
345 2014 451 2074 Timor
480 2017 512 2071 et
541 2009 645 2082 Minoe
675 2011 806 2081 eodem,
836 2001 1092 2088 quodominus,
1122 2015 1270 2076 scandere
1287 1996 1346 2071 di-¹

190 2125 314 2179 cuntur:
353 2116 415 2174 hoc
444 2119 493 2172 est
522 2112 674 2172 scandunt
704 2113 737 2172 in
767 2113 951 2175 aedificium
986 2114 1064 2176 iliud
1096 2116 1236 2178 inmari
1266 2132 1320 2174 cou-

190 2223 351 2279 structum.
395 2213 458 2275 Sed
480 2212 574 2284 hujus
597 2213 739 2275 aedificii
761 2216 856 2277 modo
879 2216 1017 2278 vidimus
1037 2217 1246 2279 fundamenta.
1275 2216 1322 2292 igi-

190 2327 239 2381 tur
261 2319 463 2381 fundamenta
485 2316 608 2377 scandit
629 2317 807 2379 dominus.“
859 2318 947 2390 Quae
975 2319 1038 2379 duo
1061 2321 1194 2381 crimina
1217 2315 1323 2380 omuino

119 2455 134 2480 .
189 2420 326 2481 diluisse
350 2418 548 2486 censebitur,
581 2418 636 2492 qui
659 2419 743 2480 hunc
766 2421 994 2481 sententiarum
1017 2421 1162 2482 ordinem
1185 2417 1323 2483 effecerit:

190 2523 357 2582 Contracta
393 2520 498 2595 pisces
533 2535 673 2594 aequora
710 2522 850 2582 sentiunt
878 2522 976 2583 iactis
1006 2524 1038 2583 in
1068 2524 1164 2584 altum
1197 2522 1324 2584 molibus.
1352 2538 1357 2563 ⁴

189 2623 257 2682 Huc
287 2621 372 2681 enim
398 2620 580 2696 redemptor
593 2624 595 2628 ’
608 2621 757 2697 frequens
794 2618 957 2684 caementa
993 2624 1148 2695 demittit,
1185 2627 1245 2685 huc
1266 2619 1348 2680 cum'

189 2723 315 2784 famulis
338 2716 403 2803 (lli.
428 2722 477 2791 ΙΙ,
503 2719 575 2804 ld),
598 2728 633 2782 ut
656 2723 688 2784 in
712 2723 892 2786 aedificium
916 2729 980 2786 tam
1003 2728 1158 2803 amplum,
1187 2734 1221 2788 ut
1242 2729 1329 2784 totam

189 2825 341 2886 familiam
363 2822 514 2900 recipiat,
538 2830 683 2887 exterra
705 2827 853 2889 concedit
875 2827 946 2888 sive
968 2827 1233 2910 transiitdud.
1246 2827 1331 2887 Fron·

190 2927 246 2987 tin.
268 2926 317 2986 ΙΙΙ.
342 2927 371 2995 1,
395 2925 431 2986 31
448 2939 487 2999 p.
504 2924 582 3010 427)
604 2927 751 2990 dominus
773 2927 919 2999 uoniam
942 2934 1111 2991 contentus
1136 2932 1221 2992 solo:

299 3036 302 3040 ’
827 3031 1123 3107 huc'irequens

404 3128 616 3192 caementa
637 3132 823 3194 demittit
846 3134 1096 3211 redemptor,

440 3228 528 3290 Cum
550 3231 716 3295 famulis
739 3217 1010 3314 dominusque
1031 3237 1140 3301 annin

359 3327 628 3395 Fastidiosus.

189 3431 237 3490 De
259 3428 332 3491 vitii
361 3436 484 3501 autom,
515 3435 599 3509 quod
628 3437 792 3499 detexisse
820 3440 950 3509 videor,
989 3440 1117 3518 origine
1147 3440 1194 3502 sic
1222 3439 1335 3500 statu⁰²

77 3568 80 3574 -
190 3546 270 3590 voce
292 3513 446 3602 terroe,
481 3550 563 3609 quae
594 3537 823 3620 interpretandi
851 3557 948 3602 causa
979 3542 1140 3619 adscripta
1163 3547 1247 3604 esset
1265 3519 1339 3590 v⁰⁰i

189 3632 455 3724 fastidiosus,
478 3634 549 3696 loco
573 3635 690 3700 motum
714 3656 788 3701 esse
810 3643 941 3703 verbum
964 3644 1121 3704 transit
1147 3645 1243 3720 idque
1260 3620 1341 3698 80⁰³·

87 3805 89 3810 .
188 3731 277 3817 disse
300 3748 340 3794 eo
363 3733 507 3806 facilius,
539 3738 623 3813 quod
644 3747 811 3818 utrumque
834 3760 932 3819 parvo
956 3743 1134 3805 litterarum
1158 3731 1345 3806 discrimiss0

156 3922 160 3927 Ι
188 3833 404 3896 dirimeretur:
438 3836 569 3911 saepius
593 3837 679 3900 enim
700 3847 811 3904 trans
835 3850 868 3904 et
890 3850 1026 3907 terras
1049 3854 1238 3926 commutato
1260 3829 1352 3900 inies

188 3950 224 3994 se
247 3930 320 3996 'osso
344 3936 742 4003 ooeuuorauenoorcmus
756 3945 822 4005 mv.
838 3944 956 4018 viae,
975 3948 1002 4009 s.
1038 3949 1076 4009 cr.
1092 3950 1197 4011 curm.
1211 3937 1314 4011 unth-
1334 3916 1357 3972 Ι·

187 4053 218 4111 p.
243 4035 313 4096 222.
