2806 4866
672 307 719 377 tit

292 484 518 543 Caecubum
542 488 582 540 et
606 480 722 555 prelo
745 477 934 538 domitum
957 482 1125 545 Caleno

291 588 341 644 l'n
367 584 448 649 bibes
471 602 596 644 uvam:
621 598 705 641 inea
728 597 800 641 nec
823 580 1030 642 Falernae

291 690 535 763 'temperant
561 685 669 742 viles
693 700 822 759 neque
844 683 1059 746 loriniani

487 787 635 847 Pocula
658 788 799 847 colles.

117 896 166 956 De
189 913 252 970 uuo
277 910 370 951 versu
395 891 539 950 laborare
562 889 745 965 supersedit
765 888 916 948 lehrsius
940 908 971 965 p.
991 891 1059 951 tttt
1076 911 1129 968 sq.
1154 896 1188 954 iu
1203 902 1278 971 parte

119 995 383 1070 al’eerlltampio
407 999 580 1053 monstrata
603 992 806 1052 festinantius
837 992 1042 1067 exspatiatus
1075 997 1144 1066 ita,
1179 1005 1212 1058 ιιι
1237 996 1278 1058 ltie

120 1115 248 1177 qnoque
275 1097 468 1174 signiticaret
501 1112 519 1154 n
550 1094 654 1155 tirone
683 1095 877 1154 scholastico
907 1094 1071 1156 ellutituru
1105 1100 1278 1160 temereid

119 1217 243 1264 cannen
268 1215 360 1268 esse,
385 1198 424 1257 de
449 1215 512 1274 (ruo
537 1200 688 1257 universo
713 1198 860 1257 nimirum
884 1197 947 1256 sibi
971 1198 1040 1275 ipsi
1056 1220 1126 1262 non
1144 1204 1277 1279 liqueret,

119 1311 285 1381 postquam
309 1303 417 1361 inesse
441 1317 639 1376 nequaquam
664 1301 776 1375 inepta
800 1302 955 1370 omnium,
980 1319 1066 1376 quos
1091 1306 1128 1365 in
1146 1307 1278 1384 legendis

119 1406 242 1466 lioratii
268 1405 426 1480 poematis
450 1403 605 1477 deinceps
630 1409 774 1461 versatos
805 1418 879 1461 esse
909 1405 1078 1475 novimus,
1111 1424 1279 1468 consensus

117 1507 281 1580 judicavit.
326 1506 428 1577 Quare
453 1504 631 1564 laciendum
655 1511 724 1574 est,
749 1505 831 1579 quod
852 1513 882 1565 et
903 1507 977 1565 lruic
990 1512 1139 1584 tempori
1155 1515 1280 1572 maxime

121 1613 266 1688 congruit
289 1618 321 1670 et
345 1626 402 1686 per
425 1625 460 1667 se
484 1607 661 1668 modestius
684 1625 720 1667 ac
743 1610 944 1669 reverentius
968 1618 1036 1679 est,
1068 1621 1105 1672 ut
1132 1616 1279 1682 eluantur,

120 1731 202 1791 quae
231 1713 292 1786 jam
329 1713 455 1789 penitus
491 1712 758 1770 inveteraverunt.
816 1710 904 1781 Quod
936 1713 1034 1790 igitur
1073 1717 1107 1776 in
1148 1725 1280 1777 extrema

121 1817 190 1890 ejus
206 1816 355 1878 carminis
371 1822 461 1892 parte
478 1814 615 1891 positum
633 1815 712 1873 satis
729 1815 893 1889 placuerat
902 1814 1067 1887 Bentlejo:
1089 1819 1139 1878 Tu
1155 1822 1279 1887 bibes,

121 1923 152 1982 iti
176 1919 422 1989 Doederlinius‚
454 1919 505 1978 cni
530 1916 739 1992 suffragantur
762 1916 919 1992 Hanplins
952 1924 983 1975 et
1007 1919 1212 1994 Teuffelins,
1241 1924 1279 1981 sic

121 2024 349 2101 expoliendum
380 2022 519 2081 censuit:
557 2020 646 2076 'lum
678 2019 787 2087 bibes,
825 2019 1045 2080 Buechelerus
1087 2031 1198 2085 aulem
1227 2028 1280 2085 buc

122 2144 161 2188 ex
187 2128 285 2186 Canu.
310 2126 360 2194 ttt,
386 2125 437 2192 21,
461 2124 478 2180 6
505 2119 764 2194 etEpod.1:t‚6
789 2123 864 2180 ltoc:
894 2124 938 2181 'lu
962 2136 1129 2185 moves“
1155 2128 1277 2204 repetiit

121 2229 307 2295 verissime,
333 2233 362 2284 ut
387 2227 488 2284 visum
513 2228 562 2281 est
586 2220 811 2297 Heynemanno
835 2225 875 2284 de
891 2227 1039 2303 lnterpol.
1067 2249 1099 2305 p.
1115 2234 1170 2302 tlt,
1192 2231 1274 2288 deni-

122 2347 184 2406 que
207 2330 389 2406 liruegerus
413 2328 491 2387 lllns.
516 2326 615 2385 tttren.
649 2325 727 2384 1871
760 2327 820 2386 boc
849 2331 1032 2404 proposuit:
1064 2333 1112 2390 Tu
1136 2332 1271 2408 liques.

121 2434 274 2510 Equidem
300 2432 392 2493 lando
417 2446 529 2491 novam
553 2430 650 2497 lianc,
682 2446 773 2503 qnam
798 2429 846 2488 vir
869 2431 1075 2493 doctissimus
1110 2436 1274 2512 quaesivit,

122 2537 337 2604 molitionem,
375 2535 518 2608 improbo
548 2533 650 2607 ipsum
681 2530 730 2600 id,
770 2532 854 2606 qumi
884 2534 1082 2596 machinatus
1117 2546 1185 2609 est,
1222 2555 1275 2614 qno

123 2638 330 2698 commoditas
354 2635 509 2695 orationis
533 2641 629 2708 atque
653 2635 814 2694 urbanitas
839 2635 983 2697 videatur
1002 2656 1114 2714 parurn
1131 2641 1277 2713 adjurari.

122 2741 202 2812 Quid
233 2746 336 2799 autem
368 2738 438 2796 lieri
472 2743 577 2812 potest
607 2742 661 2795 ant
685 2738 865 2814 elegantius
888 2747 941 2799 aut
962 2741 1096 2812 justius,
1134 2762 1230 2821 quam
1252 2752 1276 2803 nt

125 2845 251 2903 verbum
290 2840 408 2903 bibes
444 2856 482 2900 ex
516 2841 683 2913 superiore
721 2842 808 2911 loco,
844 2843 897 2903 ubi
929 2863 984 2920 pro
1016 2845 1276 2923 interpretatione

122 2947 261 3022 positum
285 2951 368 3013 erat,
398 2949 428 3001 nt
463 2950 583 3002 temere
614 2943 659 3002 ita
689 2944 843 3003 invitante
875 2947 946 3020 ipsa
970 2947 1147 3009 litterarum
1171 2951 1275 3010 simili-

123 3052 233 3111 tudine
265 3050 385 3109 illatum
414 3045 477 3118 jam
501 3047 626 3106 tandem
650 3048 849 3122 expellamus
879 3066 999 3126 easque
1022 3067 1210 3114 resecemus
1234 3057 1275 3115 lit-

122 3161 225 3225 terns,
257 3168 339 3228 qttae
370 3167 409 3209 ex
434 3152 625 3227 contagione
657 3151 744 3210 illins
768 3168 871 3211 noxae
895 3150 1082 3215 remanent?
1114 3166 1276 3234 postquam

124 3257 207 3316 enim
232 3257 360 3316 verbum
384 3252 502 3313 bibes
525 3252 588 3312 sibi
612 3254 783 3330 assumpsit
809 3273 917 3316 uvam
939 3274 977 3318 ex
991 3260 1158 3320 commodo
1175 3261 1276 3320 immn-

122 3365 217 3420 latam
249 3357 435 3435 praesertim
468 3363 529 3416 tam
560 3357 698 3417 secunda
727 3357 866 3418 nominis
890 3375 974 3420 mea
1000 3357 1209 3447 (ciramea)
1240 3362 1276 3420 vi-

124 3462 225 3532 cinia,
260 3461 331 3522 fieri
360 3477 422 3521 non
451 3460 555 3537 potuit
587 3461 661 3535 quin
686 3477 724 3520 ea
748 3462 835 3522 labes
859 3464 1036 3538 pertineret
1059 3465 1099 3523 ad
1123 3465 1189 3527 dno
1214 3467 1277 3526 illa:

125 3565 318 3626 Caecubum
342 3570 374 3624 et
397 3562 577 3624 domitam.
623 3565 864 3625 Restituendurn
887 3574 992 3627 autern
1016 3568 1088 3627 dico
1114 3586 1190 3629 esse
1216 3586 1277 3629 ver-

123 3666 196 3726 bum
227 3681 285 3728 nec
314 3666 449 3738 litteris,
485 3675 519 3727 ut
549 3685 644 3744 supra
675 3669 829 3738 diximus,
867 3670 935 3739 illi,
974 3672 1058 3746 quod
1089 3671 1277 3742 ejiciendum

124 3768 323 3843 censuimus,
346 3771 477 3831 multum
500 3770 659 3832 dissimile
685 3779 715 3830 et
741 3773 835 3847 paulo
860 3771 1051 3833 insolentius
1075 3776 1152 3834 hoc:

228 3854 233 3861 ¹
339 3873 515 3936 caecubo
539 3881 577 3933 et
601 3876 719 3950 prelo
743 3875 886 3938 domita
910 3879 1065 3938 Caleno

140 4060 143 4065 Ι
305 3968 308 3975 ’
336 3978 389 4039 'l'u
411 3976 477 4040 lites
498 3995 571 4040 ura.

124 4078 193 4153 Quo
224 4078 339 4141 eodem
368 4078 461 4141 modo
499 4087 662 4156 peccatum
699 4097 772 4142 esse
807 4085 889 4157 apud
920 4085 1120 4146 Aldlrelmnnr
1150 4107 1178 4164 p.
1205 4089 1278 4148 ant:

132 4182 314 4245 l'hurisoare
334 4181 422 4254 jubet
445 4199 620 4260 munusque
644 4185 703 4244 ol'l
709 4201 799 4244 erre
822 4187 972 4248 Dianae“
1005 4196 1139 4249 testatur
1164 4191 1277 4251 Grono-

136 4286 197 4347 tittss
220 4286 312 4347 Obstt.
334 4286 416 4347 Eeel.
440 4287 503 4346 XX.
537 4308 565 4364 p.
590 4288 667 4348 222:
702 4289 765 4359 „El
795 4292 846 4350 ltic
878 4293 1000 4351 obsidet
1028 4311 1046 4351 tt
1070 4294 1205 4352 scholiis
1238 4296 1278 4352 in-

140 4438 190 4552 ι
