2806 4866
611 317 656 388 83

479 507 487 518 ’
572 553 698 649 xtur.

137 761 228 833 Quod
243 762 457 838 ‚plurimorum
481 779 638 822 consensu
664 762 713 821 IV.
739 765 768 834 t,
792 766 849 825 db:

219 904 220 908 ¹
265 882 419 943 Merses
443 883 665 959 profundo,
689 886 904 960 pulchrior
926 883 1022 947 occult

47 1004 254 1077 praevaluit,
286 1003 318 1063 id
342 1021 399 1078 pro
414 1020 635 1082 ¹emergere
658 1022 741 1066 nove
763 1007 803 1066 ab
825 1004 957 1066 Horatio
981 1006 1099 1067 dictum
1122 1015 1211 1085 palat

46 1106 232 1167 Meinehius
256 1125 285 1182 p.
309 1107 395 1176 XIII,
419 1125 477 1168 nos
501 1109 630 1168 anullo
655 1115 817 1184 receptum
841 1109 904 1168 nisi
929 1109 1138 1172 aSarbievio
1162 1113 1211 1192 (ut

47 1211 121 1284 Lyr.
146 1209 180 1268 II.
199 1211 239 1269 20
263 1225 293 1283 p.
310 1210 366 1269 73:
389 1210 579 1284 Evincitque
604 1211 760 1275 Notoset
782 1211 939 1272 inertibus
964 1215 1103 1274 evenit
1127 1215 1211 1290 prui-

47 1313 133 1370 nis.“
158 1312 206 1371 IV.
231 1314 248 1371 8
273 1328 301 1385 p.
323 1314 398 1371 tao:
423 1320 493 1373 orta
512 1313 606 1373 Fides
630 1329 727 1388 super
739 1313 863 1374 Turrita
885 1320 1037 1376 terrarum
1063 1319 1212 1393 sepulcra

47 1413 241 1497 Evenit“)
279 1415 310 1473 in
341 1430 448 1474 eorum
480 1415 705 1476 vocabulorum
742 1431 905 1477 numerum
936 1417 1119 1479 adscribere
1149 1437 1210 1480 non

49 1516 248 1586 dubitamuS,
280 1517 320 1576 de
344 1518 458 1591 quibus
482 1516 590 1577 dicere
617 1518 782 1593 coepimus
805 1517 858 1576 XX
889 1519 926 1578 cI.
949 1518 1056 1579 XXIV.
1091 1522 1210 1582 Inten-

53 1721 142 1782 lihris
164 1722 397 1798 Venderhurgii
428 1728 459 1781 et
483 1723 564 1783 Feae
589 1729 766 1783 enotatum:
802 1723 916 1783 exiet
938 1723 1121 1785 Huschlrius
1144 1727 1211 1786 Tib.

56 1824 140 1884 hnal.
172 1826 277 1900 pilli
310 1819 343 1903 (a
367 1826 514 1884 Cranrero
546 1825 651 1883 Schol.
676 1825 818 1884 Irruenal.
842 1824 893 1884 Vi.
918 1827 980 1885 258
1012 1827 1118 1902 patr
1149 1846 1211 1887 nou

58 1925 331 2009 commemorares)
355 1927 482 1985 omnino
502 1925 740 2011 comprobavit,
764 1927 917 1986 Lehrsius
943 1943 970 2000 p.
986 1927 1135 1988 CXXVIII
1158 1930 1212 1988 du·

55 2028 132 2104 plici
160 2035 228 2088 arte
262 2028 408 2101 expolire
440 2029 502 2089 sibi
526 2028 614 2088 visus
645 2033 695 2086 est
724 2028 803 2087 haec
833 2035 1042 2089 commentus:
1080 2031 1214 2089 enitet

63 2137 154 2206 aliiue*
174 2132 334 2190 eminet.
370 2129 429 2200 Qui
453 2137 562 2191 nostro
586 2131 687 2207 magis
704 2108 796 2205 quam
812 2132 923 2192 latino
940 2146 1087 2192 sermone
1104 2148 1212 2193 assue-

19 2288 24 2293 .
65 2231 155 2293 iactus
179 2249 238 2292 nec
258 2231 343 2303 justa
365 2234 535 2293 Bnrmanni
560 2235 673 2293 threan.
697 2233 733 2293 V.
760 2235 799 2293 lb
830 2253 859 2309 p.
877 2236 937 2294 306
967 2241 1065 2309 atque
1088 2235 1213 2296 Horatii

69 2336 152 2395 darm.
178 2335 214 2392 ΙΙ,
238 2337 268 2404 8,
295 2338 327 2395 5:
363 2333 570 2395 enitescis
592 2336 812 2411 pulchrior
842 2337 892 2394 vel
917 2335 1043 2396 Sidonii
1074 2340 1212 2414 ApoIIIn.

70 2435 122 2496 VII.
144 2442 177 2498 5:
202 2439 315 2498 Sidera
339 2443 410 2497 sunt
433 2437 506 2507 isti,
531 2452 613 2514 quae
636 2436 719 2497 sicul
743 2453 883 2516 merse·
899 2438 1128 2509 nitescunt,
1153 2440 1213 2500 Ad·

74 2541 159 2600 versis
190 2541 238 2601 sic
261 2541 359 2599 Roma
388 2540 448 2599 mic
469 2546 499 2609 t,
531 2540 582 2599 cui
613 2541 694 2600 fixus
718 2541 757 2601 ab
782 2547 852 2601 ortu·
876 2540 958 2600 Ordo
988 2540 1047 2600 luit
1071 2541 1214 2600 crevisse

73 2641 175 2702 nalis“
200 2642 423 2703 recordatione
449 2642 561 2702 ductus
586 2650 632 2702 est
658 2649 789 2704 necaul
815 2644 945 2703 verbum
969 2643 1120 2703 eminet
1144 2647 1214 2704 seni

76 2741 108 2801 sit
128 2744 376 2822 posthabendum
400 2744 500 2804 luisse
524 2749 622 2805 verbo
648 2745 864 2816 emicandi,
888 2744 977 2816 cujus
1001 2755 1091 2806 usum
1114 2747 1215 2822 probe

74 2847 145 2907 novit
168 2850 363 2908 Burmannus
388 2847 406 2904 l.
421 2846 450 2905 d.
470 2853 505 2905 et
529 2847 690 2907 Claudian.
715 2839 798 2907 Mati.
824 2849 915 2908 Cous.
941 2848 1001 2906 323
1026 2861 1054 2921 p.
1080 2850 1140 2907 284
1176 2848 1213 2908 cl.

74 2947 160 3011 Anu,
184 2951 291 3012 Sedul.
318 2948 351 3008 ll.
377 2952 413 3010 Il
440 2966 470 3023 p.
490 2951 547 3015 108
572 2946 699 3030 (Minue.
724 2951 831 3010 Octav.
859 2950 893 3007 3:
919 2950 969 3006 vel
996 2954 1138 3007 enataret
1164 2953 1214 3008 vel

74 3054 336 3121 -emicaret,
362 3057 604 3127 emergeret.
628 3051 684 3110 Sil.
711 3049 759 3110 III.
780 3051 856 3109 482:
881 3049 985 3110 subito
1010 3049 1215 3108 emicuere

10 3149 14 3268 j
73 3165 118 3222 per
136 3155 236 3214 auidas
261 3189 299 3197 -
323 3161 391 3214 tolo
416 3155 609 3215 exsultantia
633 3159 765 3230 ponto.“
799 3151 1100 3232 Prudenthathem.
1116 3150 1215 3211 Praet.

74 3251 118 3312 tt:
146 3256 262 3316 vinclis
285 3290 326 3299 -—
351 3253 545 3338 emicem“),
580 3263 633 3317 aut
657 3257 717 3316 hoc
741 3256 938 3330 exploratum
961 3254 1088 3322 habuit,
1123 3269 1216 3328 quam

72 3357 144 3417 tonui
162 3357 348 3417 discrimine
372 3357 456 3416 istud
480 3358 595 3417 extet
619 3355 840 3433 sejungeretur
864 3357 901 3414 ab
927 3354 968 3412 iis
992 3353 1073 3428 ipsis
1096 3355 1216 3424 verbis,

71 3474 139 3532 quae
167 3461 258 3519 libris
291 3460 446 3519 variarent
473 3459 552 3519 Hirt.
578 3461 611 3518 B.
635 3459 730 3519 Atric.
755 3456 818 3516 VII.
844 3457 879 3515 6:
919 3453 1025 3515 subito
1057 3463 1215 3517 exeunt.

69 3560 172 3622 Iliens.
208 3562 394 3622 exiliunt.
425 3565 517 3622 Actu:
541 3580 570 3619 v.
596 3564 652 3622 tdl
679 3560 840 3621 exsilit.
863 3558 962 3634 Lugd.
986 3557 1062 3635 Hag.
1089 3565 1218 3619 exeat.

66 3666 177 3730 tiator.
215 3665 236 3723 I.
267 3666 328 3725 258
358 3663 535 3725 exsiliit.
575 3664 643 3723 Ald.
666 3661 737 3723 Bas.
768 3662 890 3723 exuit.
925 3662 1039 3720 Lucan.
1073 3660 1122 3719 VI.
1156 3659 1216 3718 398

66 3768 246 3828 exsiluit.
277 3768 395 3842 Bersm.
414 3768 435 3825 1·
461 3767 637 3827 exuerit.
677 3766 714 3824 ci.
740 3767 820 3827 ison.
847 3763 950 3824 Gloss
982 3762 1127 3821 Prudcnl,
1152 3759 1217 3818 I.d.

64 3889 87 3946 p.
111 3872 145 3931 8:
179 3869 365 3939 exiliam,
404 3885 551 3929 exeam.
602 3869 709 3928 Emico
739 3872 788 3927 cst
818 3865 958 3934 exilio“,
993 3870 1023 3922 et
1054 3862 1093 3922 ad
1129 3859 1218 3930 cujus

62 3975 144 4035 verbi
169 3972 232 4031 vim
258 3972 510 4048 apostatarent
535 3972 896 4047 proximcaccederent
920 3982 975 4036 ea,
1000 3965 1114 4039 quibus
1135 3952 1217 4022 Acro

62 4084 90 4136 et
112 4073 294 4136 Scholiasta
326 4077 416 4148 crus.
446 4074 497 4133 usi
521 4081 609 4134 sunt:
647 4072 825 4150 emergit
858 4068 910 4152 (ci.
933 4072 1054 4128 Lucrct.
1080 4065 1115 4125 Il.
1140 4064 1217 4124 200:

62 4184 269 4254 emergant
293 4177 590 4252 exsiliantque“
616 4185 647 4238 et
671 4179 726 4254 qui
750 4175 881 4235 eandem
905 4186 970 4230 rem
988 4168 1217 4255 produnt-Lu-¹

62 4282 109 4341 cil.
132 4281 203 4339 Iun.
228 4280 295 4340 tri
326 4280 450 4354 pila:
481 4279 597 4339 Siculis
621 4281 661 4339 de
684 4279 823 4338 lontibus
849 4272 997 4335 exsilit
1022 4271 1150 4329 amnis“
1181 4270 1219 4330 ct.

1016 4369 1062 4433 6*
