2806 4866
13 4304 40 4335 ἢ

14 4512 27 4551 ι
60 4488 68 4501 a

632 271 706 368 aa*

461 486 536 549 age
558 477 599 531 te
621 469 834 550 procellae

303 574 390 639 treta
411 572 566 643 veloci,

77 693 170 754 quam
191 676 414 748 deformatam,
438 692 638 753 perversam,
663 678 880 738 conturbatam
903 676 1226 750 essoPeertkampins

76 776 168 862 (quid
198 781 282 841 enirn
311 780 445 840 referam
468 777 594 839 Lehrsii
624 793 655 853 p.
681 776 814 838 cxxvtt
844 778 1065 838 secundariam
1091 777 1226 855 objurga-

75 879 235 968 tioneml)
272 883 324 944 bis
359 881 480 958 arguit,
516 881 633 958 quibus
663 880 831 942 Burmanni
868 881 991 942 Patron.
1018 881 1078 942 115
1119 899 1147 956 p.
1174 882 1226 941 utu

77 987 266 1046 sententiam
296 984 452 1045 contutari
481 989 585 1061 palat:
622 982 682 1055 Qui
713 999 749 1043 se
772 983 935 1060 procellae
964 983 1083 1054 crodit,
1116 985 1144 1043 is
1168 1001 1227 1044 sae-

78 1088 186 1149 viente
207 1086 350 1163 procella
372 1085 585 1161 proficiscitur
608 1087 678 1147 sive
702 1087 780 1146 mari
800 1087 870 1146 sive
890 1092 983 1146 terra.
1031 1084 1091 1155 Qui
1116 1104 1135 1146 a
1157 1102 1227 1162 rupe

77 1188 186 1249 desilit
209 1195 241 1247 et
263 1203 322 1264 per
346 1204 438 1249 auras
462 1187 611 1249 deorsum
633 1188 748 1259 lemur,
783 1207 846 1249 non
876 1194 983 1264 potest
1012 1187 1078 1247 dici
1110 1205 1146 1248 se
1170 1204 1227 1247 cre-

77 1291 153 1351 dere
176 1291 372 1366 procellae.“
405 1288 535 1350 Scilicet
557 1290 627 1352 viro
651 1291 839 1352 doctissimo
863 1309 924 1351 nou
948 1291 1116 1352 recordato
1141 1291 1227 1351 latius

76 1398 188 1467 palere
219 1392 309 1453 vocis
338 1393 549 1467 procellae
579 1392 644 1452 viru
675 1400 708 1453 et
738 1399 928 1470 potestatem
959 1389 1013 1474 (de
1038 1410 1102 1467 qua
1126 1395 1227 1455 existi-

75 1499 177 1554 matur
205 1499 270 1554 turn
300 1509 339 1555 ex
370 1494 430 1564 iis,
461 1509 544 1569 quae
571 1494 604 1554 iu
627 1493 733 1556 Pacati
755 1493 983 1571 Panegyricum
1012 1509 1048 1552 se
1079 1511 1228 1555 commen-

74 1601 173 1656 tatum
196 1612 271 1657 esse
293 1595 413 1657 indicat
435 1595 583 1656 Barthius
607 1595 682 1656 Stat.
707 1597 802 1655 Theb.
826 1595 890 1655 Vll.
916 1596 975 1656 5311
1000 1614 1029 1672 p.
1054 1598 1137 1666 732,
1171 1605 1229 1657 turn

36 1737 39 1745 ·
76 1713 116 1758 ex
140 1697 183 1759 iis
204 1698 304 1769 locis,
335 1699 390 1774 qui
420 1698 544 1758 similes
574 1704 646 1759 sunt
668 1697 750 1758 Silio
774 1697 824 1757 tv.
853 1699 927 1758 tlt:
963 1699 988 1757 lt
1012 1699 1146 1774 sonipes
1175 1717 1229 1760 ra·

76 1799 243 1878 pidaque
264 1802 375 1863 volans
399 1807 583 1879 peraperta
606 1801 838 1878 procella“)
861 1819 924 1860 non
941 1800 1093 1878 contigit,
1118 1807 1229 1876 ulper-

77 1904 217 1979 spiceret
240 1903 324 1964 idem
347 1909 445 1980 atquc
469 1919 489 1964 a
511 1902 613 1964 Statio
637 1904 734 1963 Theb.
758 1901 822 1964 XII.
848 1904 925 1963 800:
954 1904 1135 1964 Turbine
1160 1921 1229 1980 quo

77 2020 151 2066 sese
181 2007 263 2067 caris
293 1994 478 2067 instraverit
507 2006 611 2067 audax
640 2005 768 2082 Ignibus
797 2005 953 2066 Euadne“
992 2003 1102 2088 (quiem
1134 2008 1230 2066 locum

76 2111 218 2184 pluribus
252 2108 493 2182 explanavimus
523 2107 663 2179 Conject.
687 2109 709 2167 l.
747 2125 777 2182 p.
805 2107 879 2191 158)
916 2109 1033 2169 dictum
1063 2110 1167 2170 larissa
1197 2112 1230 2171 ab

75 2210 207 2271 Horatio
230 2210 293 2270 hoc
315 2209 425 2270 modo:

546 2327 637 2389 age,
660 2318 699 2372 te
723 2313 896 2387 procella

102 2482 105 2488 ,
334 2414 427 2479 tuto
452 2413 598 2475 veloci.

77 2518 138 2589 Qui
165 2519 277 2580 modus
307 2519 404 2593 plane
441 2517 587 2593 congruit
617 2533 687 2576 cum
715 2517 912 2593 Alciphrone
936 2518 985 2579 Ill.
1012 2520 1045 2578 1:
1083 2512 1142 2581 οὔκ
1173 2515 1234 2581 ἀπὸ

76 2624 128 2696 τῆς
163 2616 334 2695 Λευκάδος
366 2621 499 2705 πέτρας,
526 2609 609 2683 ἄλλ’
639 2613 705 2682 dub
745 2623 808 2682 τῶν
847 2623 1029 2703 neccarum
1064 2619 1235 2704 προβόλων

77 2721 252 2804 ἐμαυτὴν
273 2719 322 2798 εἰς
341 2718 378 2786 τὸ
398 2718 575 2786 κλυδώνιον
597 2717 625 2786 a'r'
635 2746 689 2788 σω
717 2719 771 2806 (cl.
794 2724 882 2802 Virg.
907 2725 1021 2803 Georg.
1039 2726 1075 2786 ll.
1094 2726 1151 2785 tt:
1176 2743 1237 2803 qua

77 2825 247 2887 semodio
269 2825 440 2887 trudunt
463 2825 504 2885 de
527 2827 647 2888 cortice
671 2826 869 2911 gemmae“).
922 2827 1017 2898 Rem,
1048 2846 1139 2903 quam
1167 2847 1237 2890 sua-

77 2929 196 3000 simus‚·
232 2927 343 3006 exigui
373 2934 505 2990 conatus
545 2945 620 2990 esse
657 2929 774 2992 docent
800 2931 995 2990 Burmannus
1033 2937 1065 2990 et
1094 2933 1238 2993 Draken-

75 3033 243 3101 borcbius,
271 3031 386 3108 quibus
409 3031 491 3093 locis
516 3030 595 3093 dicit
616 3034 765 3095 Dukerus
789 3033 857 3094 Liv.
881 3030 916 3091 X.
943 3036 971 3103 5,
999 3033 1035 3093 tt
1067 3050 1098 3107 p.
1120 3035 1172 3104 ti,
1205 3043 1239 3095 et

77 3133 230 3194 Heinsius
253 3132 398 3194 Prudent.
422 3134 533 3209 Psyclr.
553 3136 615 3197 tta
638 3152 669 3211 p.
687 3137 767 3206 tut,
791 3134 840 3197 illi
863 3142 1109 3211 permutatorum
1133 3144 1238 3198 testes

75 3238 243 3297 verborum
271 3235 442 3296 credere
472 3243 504 3297 et
533 3238 718 3310 tradere,
748 3240 802 3301 hic
830 3240 998 3300 verborum
1028 3240 1176 3300 tradere
1207 3249 1238 3301 et

77 3340 240 3400 trudere.
263 3338 333 3427 add.
358 3339 521 3402 Claudiam
545 3343 589 3401 B.-
604 3341 685 3403 Gild.
700 3345 778 3405 tat:
808 3342 848 3404 ad
870 3343 987 3402 bellum
1018 3361 1075 3402 nos
1100 3343 1237 3404 trudat

76 3443 212 3503 hiems.“
257 3441 358 3504 vatic.
374 3447 401 3505 «5
424 3444 554 3506 tradat

570 3680 741 3791 XXXlV.

162 3853 229 3913 lam
253 3853 293 3913 de
316 3853 461 3926 ejusdem
483 3853 630 3916 carminis
653 3867 749 3912 versu
772 3853 827 3913 ld:

548 3960 615 4015 tua
637 3959 779 4014 sectus
802 3956 917 4016 orbis

459 4057 626 4118 Nomina
647 4055 733 4119 ducet

76 4175 159 4235 quae
181 4160 421 4235 Peerlkampius
442 4158 630 4233 disputavit,
652 4159 756 4219 adbuc
778 4175 887 4233 parum
910 4163 963 4240 (ne
976 4159 1142 4220 Claudiani
1166 4164 1235 4234 qui-

75 4261 146 4321 dem
175 4263 258 4323 lacta
286 4263 447 4322 mentione
469 4261 515 4321 l’r.
540 4261 571 4320 C.
595 4260 663 4320 Stil.
688 4262 722 4321 ll.
754 4263 832 4322 rut:
869 4264 918 4323 Ad
948 4263 1074 4322 coelum
1106 4264 1236 4336 quoties
