2806 4866
67 107 136 167 Am.
152 106 205 167 111.
222 107 253 177 a,
272 108 308 170 at
337 125 367 182 p.
382 106 443 167 lae
467 112 500 165 et
523 106 605 167 ulter
616 107 812 168 Burmannus
828 106 919 181 Prop.
934 108 984 166 lll.
1001 109 1049 179 ll,
1066 112 1104 173 53
1129 130 1157 188 p.
1172 112 1231 172 ill

67 225 108 270 ne
134 207 280 270 Senecae
304 208 432 284 quidem
455 224 613 270 memores
634 210 743 287 Agam.
761 210 838 271 534:
867 210 880 269 l
887 210 1025 272 lamma
1048 215 1234 289 perstrinxit

68 311 250 372 cadens-‘⁴
295 311 403 388 Nuper
426 298 578 372 Lelrr'sius
609 312 706 372 multa
727 311 769 372 de
793 309 824 370 vi
848 317 881 372 et
902 330 963 373 usu
994 314 1083 376 vocis
1114 317 1232 378 cadu-

67 428 214 500 casea
244 412 419 489 quaerendi
448 418 481 470 et
510 412 692 473 disserendi
728 413 904 474 subtilitate
940 422 1168 477 commentatus
1203 439 1232 496 p.

70 516 280 587 Cli-CVII,
305 532 367 592 qua
389 515 421 576 in
445 514 608 585 omnibus,
632 531 840 591 quoscunque
863 516 1044 594 disceptare
1069 519 1232 597 ingressus

68 625 137 690 est,
161 620 245 680 locis
267 619 419 689 utendum
442 619 474 678 ei
498 619 618 688 luerat,
649 633 688 678 eo
714 619 865 695 proiecit,
895 626 930 680 ut
954 638 1065 682 omnes
1087 622 1233 685 veritatis

67 738 221 788 numeros
256 721 376 782 habere
409 720 628 797 pronuntiaret
663 721 854 792 coru'sco,
896 739 955 783 nec
984 724 1066 785 vidit
1102 726 1164 788 sibi
1193 726 1234 789 ad

69 824 315 901 persuasionem
345 822 496 899 apposite
530 824 591 884 hoc
621 823 819 883 edocendum
854 823 974 895 luisse,
1014 843 1077 902 quo
1106 829 1232 891 tandem

69 927 156 988 ducti
180 925 317 987 consilio
349 925 472 986 librarii
503 941 560 1000 pro
589 925 830 996 „usitatissimo
861 927 1006 1004 epitheto
1030 931 1164 991 alterum
1186 933 1232 1010 in-

70 1029 240 1090 auditum“
264 1027 442 1104 sumpsisse
467 1027 657 1089 viderentur.
710 1027 791 1098 Quid
815 1030 914 1107 igitur
942 1030 1054 1092 mirum
1077 1050 1138 1095 non
1163 1053 1232 1096 suc-

10 1188 12 1195 .
72 1131 207 1193 currisse
238 1131 286 1201 ei,
319 1130 404 1206 qarod
433 1130 464 1191 in
498 1131 650 1205 expedito
682 1132 820 1205 positum
846 1128 958 1193 esset?
1013 1134 1125 1211 Neque
1149 1139 1232 1200 enim

74 1235 237 1295 obscurum
268 1239 319 1293 est
348 1232 516 1294 immanem
545 1240 677 1295 turmam
700 1235 739 1294 ab
764 1234 896 1296 lloratio
920 1235 969 1296 sic
991 1236 1107 1299 dictam
1129 1240 1232 1302 luisse

74 1336 200 1397 fulmine
226 1337 412 1398 caducam:
612 1347 614 1351 ·

491 1439 784 1516 immanemque
807 1447 974 1501 turmam

341 1541 521 1601 Fulmina
544 1541 767 1602 sustulerit
790 1542 981 1612 caducan,

10 1670 13 1675 ·
77 1649 110 1702 ut
127 1661 144 1704 a
163 1644 302 1723 Virgilio
325 1644 469 1705 Aemill.
494 1645 573 1706 tet:
605 1645 793 1721 belloque
823 1645 967 1706 caduci
997 1647 1229 1710 Dardanidae.“

568 1878 733 1975 lxxiv.

87 2060 90 2076 '
153 2052 260 2116 Simili
282 2057 480 2118 librariorum
505 2071 612 2115 errore
635 2054 751 2115 lactina
775 2061 840 2126 est,
864 2061 898 2116 ut
921 2058 1006 2132 quod
1029 2074 1137 2121 verum
1161 2068 1229 2122 erat

10 2162 13 2197 =²
81 2151 122 2213 lll.
143 2157 193 2228 tl,
219 2159 269 2230 39,
293 2160 353 2220 hac
375 2159 528 2235 deinceps
548 2157 707 2234 pravitate
730 2158 988 2235 detorqueretur:
1195 2169 1197 2174 '

451 2260 743 2336 lunaequesot·
764 2260 851 2326 nives.
920 2341 925 2348 Ἴ

81 2357 156 2432 Quae
185 2366 282 2426 verba
313 2363 392 2425 vitio
423 2363 537 2425 allecta
567 2378 641 2423 esse
670 2364 725 2439 qui
751 2365 922 2446 perspexit
945 2366 1109 2440 Bentlejus
1141 2350 1228 2431 recte

23 2508 27 2515 .
82 2459 132 2523 hoc
165 2465 306 2527 eruisse:
344 2468 567 2542 durataeque
606 2467 681 2543 gelu
719 2456 838 2527 nives“
876 2469 1003 2528 videtur
1030 2472 1165 2532 Lelrrsio
1198 2492 1227 2549 p.

83 2565 190 2629 cxxlll
211 2570 259 2630 illi
284 2565 411 2645 quidem
436 2584 496 2630 nec
518 2571 579 2630 hoc
602 2575 795 2644 assequuto,
828 2569 912 2643 quod
936 2552 1126 2645 assequutos
1153 2588 1227 2633 esse

82 2664 262 2733 llcinelrium
286 2671 523 2748 llauptiunrque
554 2671 663 2731 credo:
704 2671 841 2740 „otiose
870 2666 1011 2734 additum
1036 2688 1108 2732 esse
1130 2673 1227 2750 gelu

27 2842 37 2849 ⁸
81 2785 173 2850 neque
197 2753 368 2852 quidquam
391 2775 572 2834 sententiae
595 2772 755 2833 conferre:
787 2788 891 2849 neque
922 2773 1006 2835 enim
1030 2776 1094 2836 alia
1117 2775 1149 2834 vi
1172 2768 1226 2836 duss

10 2873 12 2877 ’
79 2877 132 2937 rari
153 2878 246 2939 nives
269 2895 368 2953 quam,
384 2878 531 2955 frigore⁴‘
555 2877 661 2955 (licuit
685 2877 770 2938 enim
793 2877 865 2953 ipso
890 2893 930 2937 eo
955 2887 1140 2955 argumento
1165 2881 1224 2952 uti,

79 2993 132 3052 quo
151 2978 316 3051 Bentlejus
340 2980 520 3040 obtinuerat
543 2973 875 3043 commemorationem
899 2982 982 3040 soli
1005 2981 1225 3044 dimittendam

46 3076 48 3081 ’
78 3095 161 3153 esse,
186 3081 276 3155 cnjus
300 3083 373 3143 loco
395 3084 513 3142 Auctor
527 3081 639 3143 Electt.
651 3083 740 3143 Eton.
753 3082 844 3159 Ovid.
856 3083 944 3144 Pont.
960 3081 995 3142 ll.
1012 3085 1040 3155 3,
1057 3083 1096 3146 89
1120 3105 1151 3163 p.
1164 3068 1225 3146 'lili

10 3188 14 3205 '
75 3186 148 3248 miro
180 3202 289 3247 errore
311 3186 432 3261 profert
455 3184 577 3268 sole),
610 3193 643 3246 et
667 3184 802 3266 *lloratio
833 3185 962 3262 dignum
993 3202 1066 3247 esse
1096 3196 1163 3249 rato
1193 3189 1225 3248 id

75 3289 276 3359 vocabulum3
296 3288 381 3365 quod
404 3287 443 3348 ad
467 3284 764 3365 interpretationem
779 3305 894 3349 vocum
916 3288 1082 3351 duratae
1105 3291 1225 3350 nives

73 3393 247 3455 contulerat
274 3392 378 3475 Acron
414 3409 441 3468 p.
468 3392 539 3461 353,
564 3393 620 3453 39:
653 3391 765 3468 gelu,
795 3389 961 3451 nimietate
988 3391 1117 3468 frigoris
1147 3391 1224 3451 soli-

70 3493 193 3555 datae.“
247 3492 312 3552 Nec
334 3493 413 3553 satis
437 3494 593 3554 successit
618 3492 693 3553 Viro
716 3493 837 3562 Docto,
868 3507 959 3568 quem
983 3491 1224 3569 Peerlkampius
1258 3553 1261 3558 .

69 3598 166 3659 refert
189 3597 223 3657 in
246 3597 335 3658 Actis
358 3595 530 3658 societatis
553 3595 752 3668 Traiectinae
781 3597 843 3656 hoc
873 3595 1100 3672 proposuisse:
1134 3595 1223 3657 duro-

67 3707 186 3778 tueque
214 3702 351 3779 palo“,
384 3700 470 3776 quod
498 3701 583 3761 idem
616 3707 732 3776 suopte
768 3699 872 3776 ipsius
901 3698 1032 3776 ingenio
1062 3700 1223 3764 inventum

67 3802 246 3881 Septiertus
277 3799 330 3886 (cl.
353 3785 450 3886 xxii)
482 3802 543 3864 sibi
573 3803 662 3890 visus
694 3808 743 3862 est
765 3800 970 3861 confirmasse
992 3786 1139 3861 Vitruvii'
1153 3802 1224 3869 loco

66 3907 121 3970 IX.
142 3906 178 3966 d:
215 3906 327 3978 stella,
362 3920 444 3982 quae
474 3903 590 3966 dicitur
624 3905 750 3979 polus.“
804 3902 907 3974 Quare
938 3903 1081 3979 suspicio
1112 3903 1340 4216 iay
