2806 4866
638 255 659 322 t

68 428 246 490 identidem
261 427 471 506 vsignificauit
500 447 529 504 p.
548 429 618 490 210.
650 430 721 489 212.
746 447 772 527 a.
794 430 832 498 b,
863 444 964 505 nuper
993 436 1098 491 autem
1131 433 1226 492 Lehr-

66 533 136 592 sius
166 549 197 608 p.
220 530 280 592 LV.
312 531 419 592 intulit
456 538 632 592 commento
668 547 725 607 per
757 531 864 591 omnia
900 531 1081 595 incredibili
1110 535 1226 595 hocce:
1319 578 1331 589 .

66 633 185 706 „Quae
213 634 302 711 prins
331 635 437 695 nulli
466 634 571 695 facilis
602 636 770 696 movebas
795 632 978 694 Cardines.“
1029 636 1139 712 ltaque
1162 653 1225 713 quo

66 738 190 814 primos
213 752 326 797 versus
356 737 532 814 legentium
561 737 685 798 animus
714 741 886 812 apparetur
914 736 955 796 ad
978 752 1048 798 eom
1071 755 1136 799 rem
1159 740 1224 816 pla-

68 839 203 900 nissime
232 839 502 916 cognoscendam,
532 855 613 915 quae
643 839 696 899 his
725 838 880 914 deinceps
910 838 1107 915 significatur
1137 860 1164 901 v.
1188 844 1225 902 t:

67 947 199 1003 metuo
228 941 374 1019 longas
397 949 601 1018 pereunte
629 948 779 1003 noctes.
806 943 840 1002 9:
872 941 1051 1001 invicem
1074 944 1225 1006 moechos

65 1062 146 1106 anus
169 1044 550 1121 arroganteslllebis:
573 1045 725 1106 fastosam
748 1043 849 1105 fuisse
872 1042 1002 1118 Lydiam
1029 1050 1104 1115 tum,
1129 1063 1224 1122 quum

65 1165 86 1208 a
107 1147 216 1208 multis
248 1152 411 1223 peteretur
441 1143 484 1228 (v.
511 1151 546 1208 b:
586 1163 667 1224 quae
699 1147 828 1206 inultum
857 1145 962 1206 facilis
986 1149 1134 1208 movebat
1157 1165 1221 1208 car·

66 1249 186 1311 dines“
224 1249 260 1311 of.
284 1247 407 1310 Mitscb.
440 1267 469 1326 p.
485 1248 556 1309 212.
594 1248 666 1309 Sen.
690 1250 759 1309 Tro.
794 1250 869 1309 luo:
907 1267 1011 1319 „non
1040 1249 1159 1310 facili
1182 1285 1223 1296 -

68 1351 238 1431 ostio“),
267 1352 443 1413 tollendum
470 1350 534 1423 jam
557 1350 591 1411 id
614 1350 725 1412 citium
749 1356 814 1421 est,
850 1351 935 1426 quod
957 1357 1031 1412 5515
1055 1350 1222 1429 Porphyri-

68 1470 161 1515 onem
191 1460 224 1514 et
252 1457 409 1516 Aaronem
438 1461 544 1515 natum
577 1469 703 1524 omnes,
738 1471 818 1530 quos
848 1471 942 1530 supra
972 1455 1223 1529 percensuimus,

65 1558 177 1635 genuit
200 1555 363 1618 doctorum
386 1541 522 1618 errores.
572 1556 667 1628 Cujus
690 1555 764 1616 vitii
788 1557 943 1617 correctio
973 1574 1037 1618 non
1065 1559 1167 1634 magis
1190 1559 1221 1619 in

65 1659 203 1737 proclivi
234 1658 299 1730 est.
339 1677 432 1735 quam
461 1667 557 1721 certa.
611 1659 765 1730 Quoniam
795 1657 879 1718 enim
908 1659 989 1719 nihil
1022 1658 1222 1735 frequentius

65 1761 201 1831 accidit,
233 1777 327 1836 quam
354 1767 389 1821 ut
419 1762 487 1832 „ob
511 1759 753 1821 similitudinem
776 1760 940 1830 ductuum,
972 1761 1086 1836 quibus
1108 1759 1221 1832 majus-

67 1861 858 1932 511155151155115155151511,1555155515
883 1860 1223 1931 51155515,15515

69 1963 241 2036 5115515
269 1970 544 2040 permutarentur“
584 1961 939 2046 (51515115553
970 1980 1002 2038 p.
1018 1964 1068 2024 18.
1120 1964 1221 2025 Burm.

67 2069 156 2127 Obss.
180 2065 267 2126 Miso.
291 2064 326 2124 ll.
350 2083 380 2141 p.
398 2067 464 2127 186.
490 2068 572 2128 Cort.
596 2069 709 2128 Lucan.
732 2065 782 2126 Vl.
806 2067 881 2136 212,
911 2084 940 2142 p.
959 2064 1014 2149 39)
1043 2083 1220 2144 magnaque
1304 2101 1306 2107 ·

64 2175 114 2230 est
138 2168 358 2245 controversia
386 2187 456 2230 cum
485 2169 662 2230 litterarum
686 2186 702 2229 c
726 2175 758 2229 et
782 2175 885 2229 stum
915 2185 1029 2230 vocum
1052 2168 1164 2231 ictus
1189 2177 1221 2241 et

62 2278 205 2334 aestus
228 2268 277 2354 (ut
301 2270 386 2348 apud
407 2271 573 2332 Horatium
587 2272 622 2332 tl.
650 2275 698 2343 15,
726 2274 779 2333 11;
803 2273 977 2344 „Excludit
999 2272 1139 2335 ictus.“
1163 2273 1219 2334 ali-

64 2379 142 2450 quot
157 2373 245 2435 codd.
269 2381 426 2434 aestus.
450 2372 701 2438 nortliutae
725 2374 924 2435 aestibus.
948 2375 1033 2451 Lips.
1049 2375 1219 2436 astibus.

65 2492 143 2536 corr.
168 2474 324 2536 ictibus
347 2476 505 2552 aliosque,
529 2495 610 2552 quos
633 2477 811 2554 composuit
830 2479 1024 2539 Burmannus
1047 2479 1218 2540 Amblat.

64 2577 99 2637 V.
118 2579 188 2649 114,
203 2579 241 2639 21
267 2596 297 2655 p.
316 2581 376 2643 380
401 2596 447 2655 sq.
471 2580 509 2640 cf.
523 2580 636 2641 Adnot.
661 2581 736 2641 Stat.
759 2579 823 2641 Ecl.
846 2581 902 2640 ult.
919 2582 957 2640 ”lt
981 2599 1011 2657 p.
1032 2579 1122 2665 125),
1147 2581 1219 2657 quis

62 2680 190 2742 tandem
218 2681 417 2751 invenietur,
461 2682 517 2757 qui
546 2683 646 2742 semel
675 2683 814 2744 monitus
843 2701 862 2744 a
890 2684 982 2744 nobis
1011 2684 1097 2759 quod
1119 2689 1157 2743 et
1186 2683 1219 2745 in

62 2781 195 2859 optimis
218 2783 382 2845 codicibus
407 2785 538 2859 cruquii
562 2791 593 2844 et
616 2783 755 2856 Bentleii
786 2791 818 2844 et
842 2786 874 2846 in
901 2786 938 2845 13
963 2784 1139 2846 Venderbb.
1164 2802 1217 2847 ex-

60 2890 106 2947 tat
142 2882 317 2956 jactibus,
354 2886 387 2946 in
427 2885 558 2946 Graevii
601 2892 705 2947 551515
744 2886 855 2948 5511155
891 2888 938 2946 515
979 2887 1132 2962 scriptum
1169 2895 1218 2947 551

58 2987 241 3049 Luctibus
267 2983 317 3070 (cf.
334 2990 457 3048 Lucret.
473 2988 508 3049 ll.
528 2990 588 3050 135
611 2990 737 3051 lctibus.
762 2989 831 3049 Vet.
848 2988 896 3048 ed.
920 3005 969 3064 ap.
984 2988 1107 3048 Wakef.
1132 3007 1161 3065 p.
1175 2992 1216 3050 22

61 3089 226 3151 Letibus.
266 3090 355 3150 Ovid.
386 3092 421 3152 A.
444 3092 480 3151 A.
505 3091 541 3151 ll.
566 3094 627 3152 232
657 3091 787 3164 155155.
824 3093 915 3151 Bern.
946 3090 1056 3176 latas)
1092 3091 1218 3154 dubitet

64 3199 253 3254 convertere
277 3191 309 3254 in
333 3194 415 3255 banc
447 3196 606 3271 speciem:
637 3194 828 3255 Fastibus
851 3192 1216 3281 (8515555111323),

60 3295 644 3372 5155511555515551555515511515ε
676 3314 738 3372 quo
763 3297 940 3357 crebriores
966 3297 1086 3372 Lydiae
1115 3299 1215 3361 fastus

59 3399 206 3468 fuerunt,
230 3413 269 3459 eo
290 3398 354 3470 1551
376 3401 502 3476 parcius
523 3399 659 3472 juvenes
682 3400 853 3459 fenestram
877 3399 1037 3475 quatiunt:

275 3501 443 3562 Parcius
464 3501 629 3573 11155155
653 3501 847 3578 quatiunt
870 3502 1076 3564 fenestras

274 3603 404 3667 1111511115
427 3605 588 3665 crebris
608 3603 781 3676 juvenes
805 3612 1002 3682 protervae
1118 3649 1121 3656 ·

274 3705 352 3766 Nec
373 3706 451 3767 tibi
475 3725 633 3768 somnos
656 3708 842 3769 adimunt.

55 3806 191 3883 Proprie
214 3808 299 3868 enim
321 3807 386 3869 dici
409 3808 579 3870 amicarum
601 3810 748 3872 fastum
770 3811 945 3873 docuerunt
971 3811 1070 3889 intpp.
1090 3813 1213 3878 Patron.

58 3911 98 3971 ao
123 3928 154 3985 p.
173 3913 243 3972 5911.
269 3911 448 3972 Gronovius
472 3913 682 3974 0555115111
706 3915 824 3990 15321.
868 3916 1062 3976 Burmannus
1085 3915 1174 3989 Prop.
1192 3914 1212 3975 l.

61 4012 89 4082 1,
114 4013 133 4072 3
157 4031 186 4088 p.
203 4015 221 4072 5
245 4019 277 4074 et
300 4013 350 4074 111.
369 4015 451 4085 11,n
475 4035 505 4093 p.
520 4017 582 4077 6111
608 4033 653 4092 sq.
676 4016 975 4087 Mentiuntur:
1000 4016 1049 4078 Ad
1063 4021 1215 4080 nocturna

56 4103 146 4185 15555
169 4115 359 4178 fastosae
383 4119 494 4180 limina
516 4121 702 4181 moechae.“
726 4119 775 4179 lv.
795 4121 846 4189 29,
862 4124 896 4182 5;
920 4119 973 4180 Sic
996 4118 1214 4194 spoliatricem

58 4218 258 4280 commendat
279 4220 415 4282 fastus
432 4219 565 4282 amicam
579 4223 679 4283 lanua
691 4232 751 4282 555
763 4221 948 4293 juvenem
962 4237 1087 4297 semper
1102 4229 1214 4300 aperta
