2806 4866
653 310 713 391 121

115 492 242 568 pido“,
266 508 359 569 quem
381 507 507 552 versum
530 491 587 568 qui
602 490 1115 575 explicaresluduitBoettigerus
1128 494 1262 557 Amalth.

113 597 141 656 ll.
165 614 193 672 p.
210 597 290 664 290,
320 595 428 655 omisit
456 594 558 685 Plauti
586 596 699 657 Bacch.
714 595 736 653 Ι.
753 594 817 666 2,8
848 601 880 657 et
909 595 1094 659 Philostrati
1115 598 1169 658 lm.
1183 597 1205 657 Ι.
1223 596 1263 656 21

112 695 244 786 (welch.
258 695 320 782 ,12
344 715 373 773 p.
388 694 466 780 215)
495 698 604 768 locos,
628 714 707 773 quos
730 703 813 759 ante·
828 697 982 758 Orellium
1005 717 1035 777 p.
1051 700 1089 760 18
1112 699 1153 760 ed
1175 714 1263 760 coer·
1370 768 1382 778 ,

112 800 240 860 cendam
262 799 476 875 Peerlkampii
499 799 931 889 undeciremepprpmppemt,
950 788 1180 877 Bernhardyus.
1216 799 1262 861 Si-

109 902 226 963 militer
263 907 368 962 eutem
404 902 582 964 recordatio
618 918 731 965 versus
755 901 776 962 l
801 901 853 972 28,
878 901 932 981 ¹⁴³.
966 918 1041 964 non
1070 900 1263 975 sordidus

107 1010 280 1064 auctor⁴‘
311 1002 434 1074 effecit,
466 1010 500 1064 ut
532 1004 617 1081 apud
638 1006 798 1091 Lucanum
819 1001 906 1071 11111.Ι
924 1005 1008 1065 raaz·
1034 1020 1094 1067 nec
1116 1003 1263 1067 sordidus

106 1113 250 1167 ustor“
283 1107 315 1166 in
338 1107 420 1167 libro
443 1106 476 1190 S,
499 1106 602 1168 Germ.
625 1109 687 1168 hoc
711 1106 896 1183 erraretur:'
921 1107 1069 1169 sordidus
1091 1113 1264 1170 auctor.“

105 1209 148 1270 Cf.
174 1207 340 1270 Claudiam.
366 1208 386 1268 1.
410 1223 506 1283 supra
530 1209 570 1270 Vl
592 1216 670 1272 extr.
694 1211 724 1271 d.
814 1245 817 1253 ,

629 1356 740 1524 uxi.
818 1452 890 1535 ··.

189 1616 254 1676 Sed
277 1622 402 1693 tempus
425 1623 473 1677 est
496 1633 608 1678 versus
631 1616 672 1681 19
695 1635 824 1696 quoque
846 1617 1040 1681 mentionem
1063 1618 1150 1681 fieri:

361 1722 462 1781 Acer
485 1726 522 1780 et
544 1721 635 1784 hauri
655 1722 816 1805 peditis
839 1728 1045 1784 cruentum

487 1824 662 1907 'Vultus
687 1823 925 1915 1111051911.-
1010 1858 1015 1865 ·

105 1924 264 1996 Quoniam
287 1925 372 1986 enim
395 1926 560 1986 Lehrsium
582 1942 613 2000 p.
637 1922 762 1997 xxxin
793 1941 852 1989 nec
874 1925 1088 2002 Peerlkampii
1109 1925 1263 1987 adversus

105 2027 287 2098 Bentlejnm
316 2027 493 2104 disputatio
521 2011 623 2090 morit
651 2027 807 2108 (moverm
829 2033 935 2087 eutem
956 2025 1170 2117 Meinelrium,
1200 2043 1263 2087 non

107 2131 186 2191 item
208 2127 394 2214 Hauplium)
418 2147 522 2206 neque
544 2134 606 2193 hoc
627 2129 834 2207 pronuntiare
858 2129 986 2206 puduit:
1007 2129 1262 2205 Oudendorpidm

109 2230 256 2307 aliosque
286 2238 393 2293 rectae
421 2234 585 2296 doctrinae
613 2233 777 2294 studiosos
796 2212 913 2294 iacere
944 2231 1128 2309 pueriliter,
1165 2216 1262 2293 in'cul-

112 2333 242 2415 ‚cundum
273 2335 335 2396 hoc
364 2342 414 2395 est
443 2354 463 2398 a
492 2338 579 2397 nullo
609 2337 739 2398 allatum
768 2349 859 2405 esse,
890 2352 944 2395 cur
967 2334 1165 2419 notissimum
1185 2331 1263 2416 (scit
1346 2378 1351 2385 -

109 2433 180 2510 ipse
207 2435 387 2519 Bentlejus)
416 2438 571 2501 Marsae
602 2437 744 2499 cohortis
773 2437 876 2496 robur·
897 2436 1020 2523 librarii
1048 2435 1172 2498 Mauri
1195 2452 1263 2514 pe·
1336 2458 1351 2525 '.
1371 2434 1385 2503 ’,

113 2535 212 2597 ditis
238 2540 394 2601 mentioni
417 2542 645 2616 posthabuisse
668 2539 861 2600 videremur
906 2538 1008 2611 Quare
1032 2546 1064 2600 el
1084 2538 1262 2602 modestius
1332 2566 1363 2621 ⁸·

114 2643 147 2696 et
173 2640 294 2700 cautius
325 2642 385 2703 fuit
416 2644 447 2704 ei
476 2644 559 2718 parti
588 2643 727 2713 intendi,
765 2643 797 2702 in
826 2644 1071 2718 quam-primus
1102 2644 1263 2720 quaesivit
1322 2648 1329 2659 ‘

116 2736 195 2827 Gusl.
224 2741 411 2805 Schwubius
443 2743 518 2806 Mus.
549 2746 648 2807 Rhen.
675 2745 756 2808 1832
787 2764 817 2822 p.
833 2747 1033 2817 tul-lar,
1066 2762 1171 2822 neone
1201 2748 1265 2809 hoa
1345 2770 1350 2781 ¹

119 2843 200 2905 modo
223 2845 437 2918 considerari,
467 2865 560 2924 quarn
590 2864 689 2923 saepe
720 2848 860 2909 Romana
890 2849 978 2909 acies
1000 2847 1126 2910 Mauros
1157 2855 1262 2939 trucqs

123 2936 370 3023 (culparum.
395 2951 452 3030 lo)
481 2950 699 3027 Gaetulosque
728 2956 761 3009 et
783 2949 934 3009 Numidas
963 2966 1000 3010 ac
1022 2949 1177 3026 Massylus
1209 2965 1261 3011 ex-

123 3053 199 3114 rena
227 3051 269 3110 sit
299 3051 426 3127 pedites
456 3053 567 3112 hostes
597 3049 687 3135 (Sall.
712 3052 781 3129 lug.
808 3053 858 3122 50,
883 3051 912 3112 3.
950 3050 1000 3121 51,
1025 3049 1076 3135 3),
1113 3051 1172 3111 sed
1200 3052 1262 3111 hoc

124 3141 212 3219 illsum
237 3151 301 3224 jam
332 3169 371 3215 ex
401 3156 463 3215 hoc
499 3155 637 3216 carmine
668 3153 808 3225 addisci,
845 3171 926 3230 quos
963 3153 1119 3224 „insidiis
1153 3152 1261 3230 potius

126 3244 332 3325 clandestinis,
370 3272 461 3331 quam
492 3256 686 3334 proeliorum
723 3257 898 3319 stabilitate
930 3256 1068 3317 confisos
1079 3265 1098 3291 ‘⁶
1136 3263 1263 3333 praeter

127 3357 183 3422 eod,
211 3373 292 3430 quos
323 3357 498 3429 Bentlejus·
517 3365 665 3420 auctores
696 3359 799 3429 dedit,
830 3358 1013 3420 Ammianus
1041 3358 1135 3419 Marc.
1156 3359 1263 3418 XXlX.

129 3449 176 3517 bl
198 3459 321 3529 scribit,
346 3475 401 3521 eos
423 3460 593 3537 aliquando
611 3461 700 3522 visos
715 3477 789 3521 esse
803 3461 872 3522 lere
887 3462 987 3531 tales,
1012 3462 1123 3537 quales
1139 3460 1262 3523 Suevos

128 3547 209 3617 luisse
230 3568 382 3623 memorat
406 3561 596 3624 Guillermus
616 3565 710 3640 llpul.
726 3565 760 3624 ll.
780 3565 857 3624 lbd:
881 3562 980 3624 Suevi
1003 3597 1045 3608 -
1066 3564 1157 3626 firmo
1180 3570 1264 3625 stant

130 3659 211 3732 lade,
231 3670 399 3740 postquam
420 3667 639 3743 Deponuntur.
654 3668 747 3743 equis
771 3699 822 3725 -.
867 3667 968 3744 Magis
991 3670 1053 3729 boc
1076 3674 1148 3728 sunt
1164 3667 1263 3726 Marte

130 3755 257 3836 limandi,
292 3765 389 3837 Quam
411 3767 484 3829 dum
507 3775 578 3830 sunt
602 3771 759 3845 equites.“
804 3769 869 3830 Sed
892 3770 968 3845 quid
991 3770 1136 3847 pluribus
1159 3783 1263 3828 morer

132 3852 157 3916 il
177 3873 261 3940 parte
291 3866 470 3945 opinabili?
527 3870 686 3932 Succurrit
724 3871 809 3932 enim
845 3888 897 3932 res
933 3890 995 3933 nou
1026 3872 1128 3933 solum
1158 3885 1261 3930 rerum

133 3971 267 4032 aestuum
290 3972 444 4033 memoria
465 3979 659 4045 contestata,
684 3990 801 4036 -verum
831 3976 928 4036 etiam
958 3981 1123 4051 poetarum
1153 3973 1261 4033 earmi-

134 4061 206 4128 lihus
234 4073 405 4145 illustrata,
436 4093 529 4150 quarn
558 4077 709 4138 affirmem
732 4079 785 4138 hic
808 4079 1019 4155 significatum
1042 4089 1116 4134 esse
1137 4075 1176 4134 ab
1198 4074 1260 4137 Ho-

135 4166 206 4228 ratio,
237 4173 296 4245 Qui
309 4177 363 4238 vix
384 4166 513 4238 dubium
532 4179 657 4240 videtur
677 4196 751 4240 essu
772 4182 846 4255 quin
871 4183 1078 4239 cruentum
1102 4177 1261 4238 hostem

136 4260 229 4334 dixerit
262 4279 435 4342 Laevinum
472 4279 703 4350 Privernatem,
741 4283 911 4342 ltlaurum
946 4276 1124 4355 peditem
1158 4280 1260 4358 Tyren
