2806 4866
345 32 403 49 ,ϊἻ
468 32 495 43 -·
529 32 534 37 ·
796 32 827 47 r·
857 34 861 39 ·

399 94 421 105 a.
597 100 601 105 .
621 98 625 105 ι
808 101 814 109 q

423 106 560 151 ..lta-³*
593 106 596 115 '

872 201 882 219 ο

698 367 760 441 ibt

147 554 205 613 bos
229 583 269 594 -
294 548 438 623 Calliope
461 544 550 605 dedit
576 579 614 588 -
638 546 807 605 eburneam
830 544 1007 618 tyrumque
1038 540 1233 616 suspendens
1250 544 1287 601 tu·

148 655 284 728 bamque
300 650 390 711 Colla
413 663 509 724 super
531 647 756 721 niveisque
780 645 894 704 leves
916 642 1068 703 Plumis
1091 643 1290 702 lacertos.“

147 775 178 833 p.
201 757 259 817 21:
302 754 453 814 Musa-
478 751 529 810 his
561 749 669 826 potius
698 764 826 826 grauem
855 747 989 822 Depone
1019 745 1101 822 ripis
1126 750 1157 804 et
1179 744 1293 807 dolosas

147 846 248 920 Deme
277 856 457 917 humeris
488 854 724 931 digitisque
754 851 938 928 plumas“
974 849 1163 925 expressius
1185 846 1297 909 Horatii

148 948 288 1037 vestigia
309 961 420 1036 legere
444 975 506 1018 non
530 956 644 1034 piguit.
679 953 733 1016 Sio
754 959 858 1014 autem
875 951 1040 1013 existimo:
1064 956 1203 1020 veteres,
1225 948 1299 1026 qus's

148 1064 188 1124 de
211 1062 380 1124 Sirenibus
403 1058 592 1121 biformibus
622 1050 830 1141 (ᾗδῦφθογγα
852 1050 932 1118 πάνυ
955 1058 1010 1115 καὶ
1032 1044 1300 1136 ἀνθρωποπο-

148 1161 405 1246 τεινόμορφα
430 1161 516 1238 Glyc.
538 1163 617 1222 dnn.
636 1162 684 1220 IV.
711 1180 740 1238 p.
756 1160 825 1220 213.
846 1157 910 1239 C),
944 1156 985 1217 de
1016 1155 1161 1235 Sphinge
1186 1146 1315 1240 (Valck'

147 1271 218 1331 Eur.
243 1269 360 1329 Phoen.
389 1268 469 1328 1030
503 1281 531 1340 p.
551 1264 644 1348 312),
676 1265 716 1324 00
740 1264 889 1340 Harpyiis
914 1262 1029 1339 (Heyn.
1054 1262 1139 1339 Virg.
1159 1258 1300 1322 Aemili

147 1372 218 1448 228.
242 1369 315 1431 Exc.
330 1370 394 1429 Vll.
425 1387 456 1444 p.
472 1369 531 1430 bii
549 1367 629 1452 sq),
658 1367 698 1427 de
730 1368 873 1443 Cecrope
903 1359 1064 1448 (διφυὴς
1092 1367 1147 1428 καὶ
1171 1364 1307 1447 δρακον-

148 1470 246 1550 0000
268 1471 410 1532 nemsi.
431 1469 511 1531 urm.
533 1471 581 1530 or.
596 1455 692 1529 000
718 1488 746 1545 p.
766 1469 835 1529 010.
860 1464 1302 1544 0000100000031.

146 1575 310 1638 biformi
340 1574 451 1634 lustin.
477 1572 511 1632 11.
533 1573 562 1642 8,
584 1570 635 1656 i),
666 1570 706 1630 de
735 1569 871 1629 Panibus
908 1568 1088 1656 (Columell.
1119 1570 1198 1629 Cult.
1221 1567 1304 1636 iton.

149 1677 224 1738 tet:
260 1676 425 1751 Panasque
460 1672 720 1758 biformes“)‚
760 1672 800 1731 de
837 1672 1029 1748 Capricorno
1065 1671 1193 1752 (Anien.
1222 1673 1297 1738 Arai.

133 1766 259 1856 ¹Progn.
284 1775 358 1861 78),
390 1777 429 1839 de
461 1777 627 1838 Centauris
657 1773 718 1859 (εἷς
745 1770 875 1857 πλάσμα
902 1771 1014 1854 μύθου
1042 1775 1242 1856 καταχθῆναι
1260 1766 1296 1849 ὥς

82 1950 86 1954 ,
150 1882 316 1963 διφυεῖς
339 1874 433 1954 ὄντας
453 1880 545 1942 Diod.
560 1879 609 1940 lV.
634 1900 664 1957 p.
683 1879 819 1950 311,το
842 1878 945 1938 Fisch.
968 1877 1117 1952 Palaeph.
1132 1879 1153 1937 l.
1174 1880 1184 1938 1
1210 1896 1237 1953 p.
1252 1866 1315 1941 lif]

150 1984 394 2046 bimembres
426 1983 514 2043 Ovid.
539 1981 610 2042 Met.
627 1982 690 2041 XV.
706 1983 778 2042 283.
814 1980 964 2042 1111004.
1004 1980 1112 2041 Heius.
1145 1986 1176 2040 et
1205 1938 1315 2039 1100οΙ

149 2086 310 2148 Claudian.
334 2086 401 2146 itui.
419 2087 440 2144 1.
455 2085 515 2146 320
541 2103 569 2160 p.
585 2083 640 2168 00)
671 2086 830 2158 teruntur,
861 2084 984 2144 fabulas
1014 2083 1179 2159 sequendo
1209 2082 1283 2142 Hora·
1309 2066 1313 2075 ’

148 2189 226 2249 tium
250 2188 281 2248 id
308 2189 451 2249 versibus
476 2187 593 2250 9-12
617 2187 784 2256 effecisse,
807 2193 841 2246 ut
864 2187 1051 2261 planissime
1071 2182 1303 2264 intelligeretur¹

149 2298 341 2368 assumptam
365 2310 383 2353 a
405 2297 503 2366 poeta
532 2292 632 2352 luisse
663 2307 770 2352 veram
794 2289 882 2350 alitis
911 2296 1061 2350 naturam.
1119 2292 1225 2366 ltaque
1245 2287 1284 2364 qui

149 2400 180 2455 ot
203 2411 334 2473 asperas
358 2395 558 2457 durescentis
587 2390 670 2454 cutis
701 2394 792 2470 quasi
820 2399 920 2454 testas
944 2394 1015 2453 sive
1038 2411 1186 2469 squamas
1208 2391 1283 2454 cruri·

147 2500 204 2559 bus
235 2498 412 2559 insidentes
444 2496 488 2581 (v.
513 2499 544 2574 0)
580 2504 612 2558 01
642 2499 782 2574 plumas,
819 2496 933 2572 quibus
963 2496 1028 2557 albi
1058 2497 1147 2557 alitis
1176 2494 1283 2573 species

148 2589 407 2670 consummatum
431 2616 488 2677 per
510 2601 659 2660 humeros
680 2596 867 2676 ‘digitosque
889 2604 1058 2660 nascentes
1083 2601 1125 2681 (v.
1152 2593 1282 2678 11-13)

147 2703 420 2771 commemoravit,
452 2699 612 2762 subtilitei
642 2708 674 2760 et
703 2700 853 2765 distincte
883 2709 1077 2763 monstrasse
1100 2695 1225 2763 videtur
1244 2701 1283 2761 dn·

147 2804 278 2880 plicem,
301 2808 336 2863 ut
360 2804 405 2864 ait
428 2803 619 2865 Claudianus
642 2805 661 2863 l.
675 2803 721 2875 0.,
750 2810 892 2866 naturam
916 2804 1001 2877 ejus,
1033 2806 1088 2882 qui
1118 2822 1177 2882 per
1199 2802 1287 2865 omnia

147 2905 315 2968 dissimilis
345 2894 433 2967 esset
463 2907 549 2967 Icaro
581 2907 712 2969 adscitis
749 2907 955 2984 quibusdam,
991 2910 1052 2968 non
1089 2908 1205 2970 nativis
1240 2907 1287 2968 alis

145 3027 238 3074 avem
261 3011 394 3074 imitato.
482 2999 485 3003 ’

231 3118 279 3178 Do
303 3132 365 3192 quo
390 3115 475 3192 quod
499 3115 618 3192 legitur
640 3134 668 3175 v.
695 3117 750 3177 13:
978 3191 979 3194 Ἴ

359 3219 439 3280 tam
460 3218 667 3280 Daedaleo
690 3218 771 3283 ector
792 3219 905 3282 Icaro
1313 3244 1315 3249 ·

359 3318 494 3382 Visam
516 3319 721 3399 gementis
743 3320 874 3385 litora
895 3325 1090 3403 Bospori,
1310 3280 1315 3327 ¹

146 3424 180 3485 id
201 3423 278 3485 olim
299 3425 402 3486 luisse
424 3425 561 3487 notior
584 3425 666 3506 (cod.
689 3425 777 3488 Leid.
802 3424 975 3512 Vanderb.)
999 3428 1147 3505 plerique
1171 3427 1287 3489 credunt
1312 3422 1315 3427 '

147 3524 301 3610 (Sarbiev.
316 3524 366 3586 Ν.
384 3527 423 3586 32
447 3545 477 3604 p.
497 3528 573 3590 195:
598 3529 700 3610 veteri
724 3530 877 3590 clarior
892 3530 1043 3614 lcaro“)‚
1066 3529 1287 3591 tutiorBenl-

146 3627 245 3702 lejus,
277 3641 370 3703 quem
393 3635 567 3705 sequuntur
588 3630 769 3695 Meinekius
794 3637 826 3692 et
848 3631 1006 3711 Hauptius
1029 3616 1287 3717 (0000100000

146 3733 213 3794 Ruf.
237 3731 314 3794 ete:
337 3730 472 3791 Perseus
496 3735 691 3796 —tutior
714 3735 859 3819 alis“)‚
882 3735 1013 3798 aliiout
1036 3734 1289 3798 ornatiorem

147 3836 307 3898 cautior
330 3842 384 3897 aut
399 3835 572 3910 laetior,
587 3837 828 3914 Peerlkampius
844 3839 1059 3911 audacior,
1083 3835 1288 3901 Schwerdtius

144 3940 302 4002 fortior.
340 3937 473 4012 ‘Qualia
507 3942 661 4002 vocabula
698 3933 769 4018 quis
810 3942 981 4006 crediderit
1015 3943 1217 4004 librariorum
1252 3939 1288 4000 in·

142 4042 246 4114 iuriae
268 4044 369 4106 tuisse
394 4038 556 4107 obnoxia?
602 4041 723 4128 Quanto
753 4047 825 4121 plns
855 4047 894 4106 ab
916 4064 977 4107 usu
1000 4046 1244 4122 sententiaeque
1264 4037 1290 4100 ri

145 4148 427 4211 commendationis
456 4149 552 4210 habet
582 4160 621 4207 00
649 4164 730 4218 vox,
764 4147 804 4208 de
830 4165 892 4226 qua
914 4148 1022 4211 dedita
1051 4165 1153 4226 opera
1168 4143 1289 4226 quaesi·

145 4246 248 4308 vimus
262 4252 347 4312 Stat.
371 4251 510 4324 Conject.
526 4250 590 4310 XX.
613 4267 643 4326 p.
663 4250 724 4312 216
739 4267 823 4328 sqq:
862 4272 864 4276 ’

446 4354 526 4415 tarn
548 4355 754 4417 Daedaleo
778 4354 918 4418 exsertim
940 4339 1082 4415 Icaro
