2806 4866
667 289 732 363 178

119 476 215 555 spicit
245 482 350 537 auteur
381 470 562 531 Marcellum
591 466 846 532 adolescentem,
878 477 972 538 quem
1002 458 1202 522 destinatum
1225 460 1284 519 An-

118 579 205 657 gustl
228 588 447 639 successorem
466 571 590 649 gloriae
616 586 635 630 a
657 567 800 643 patribus
818 570 973 641 acceptae
989 580 1076 624 nova
1089 562 1284 625 inuenero

119 684 297 747 additurum
328 694 402 739 esse
433 674 631 737 vaticinatur.
680 671 719 732 Et
741 668 907 732 crescendi
937 667 1068 744 quidem
1091 668 1194 728 verbo
1216 681 1280 726 eam

121 804 211 863 quarn
234 779 415 861 significavi
438 780 631 855 potestatam
662 775 771 835 inesse
795 779 827 832 et
849 787 902 832 res
925 771 1000 847 ipsa
1024 775 1056 829 et
1080 770 1208 831 multa
1227 769 1276 829 do-

107 894 192 949 ’cent
215 885 362 961 exempla
384 880 499 940 velut
527 892 610 954 quae
632 875 872 951 Peerlkampius
903 873 1019 934 recitat
1048 871 1210 947 Propertii
1231 871 1271 933 lv.

90 1004 94 1009 '
122 996 152 1063 1,
176 990 214 1049 ³4
239 995 271 1048 et
295 983 417 1046 Horatii
436 982 485 1041 lll.
502 982 552 1050 30,
569 982 599 1041 8.
643 980 754 1040 Restat
778 983 882 1039 autem
906 975 990 1052 quod
1014 974 1206 1055 diligentius
1227 991 1265 1037 er-

120 1092 240 1172 pendas
269 1088 348 1149 illud
378 1085 543 1146 occulto
572 1097 682 1143 aevo.
733 1082 784 1142 De
812 1096 875 1155 quo
906 1077 982 1138 vide
1013 1077 1208 1150 Bentlejum,
1235 1081 1261 1139 ad

120 1194 209 1266 cnjus
236 1187 485 1266 explicationem
516 1186 616 1245 haec
652 1188 795 1243 nostra
830 1195 921 1256 quarn
952 1181 1095 1242 maxime
1127 1180 1259 1242 accedit“

120 1295 251 1356 Scilicet
274 1292 335 1351 troc
358 1295 407 1348 est
429 1287 537 1348 aliena
559 1285 704 1345 doctrina
727 1284 848 1360 pertrui
871 1288 967 1359 atque
991 1289 1123 1359 optare,
1145 1301 1203 1344 non
1219 1283 1256 1344 do·

119 1410 194 1455 cere
216 1399 249 1452 et
271 1389 489 1467 cognitionem
503 1385 836 1464 disceptationemque
850 1385 1040 1461 perquirere
1055 1401 1175 1455 eorum,
1195 1400 1255 1461 qur

121 1494 280 1571 opinando
302 1492 501 1567 protulerunt
523 1488 704 1559 Bentlejus:
737 1488 908 1558 „Marcelli
935 1487 1110 1564 quinquies
1140 1489 1253 1549 consulis
1292 1554 1294 1559 ,

120 1598 185 1659 seri
208 1602 345 1670 nepotes
368 1610 437 1653 curn
464 1592 496 1652 in
521 1590 673 1652 familiam
694 1591 808 1652 duliam
838 1591 954 1651 adsciti
977 1590 1117 1660 luerint,
1144 1590 1193 1652 dat
1211 1589 1253 1650 llo
1288 1586 1294 1617 ¹

128 1701 221 1763 :atius
244 1698 297 1758 hic
321 1699 482 1772 Augusto,
512 1700 546 1754 ut
569 1691 638 1763 ejus
660 1693 773 1757 lamam
798 1693 1004 1767 superstitem
1028 1693 1066 1753 in
1090 1693 1176 1753 dias
1195 1693 1252 1752 tlo-

122 1817 211 1863 rere
238 1798 351 1859 dicat“
383 1803 415 1857 et
442 1794 733 1856 Mitscherlichius:
769 1796 834 1865 „M
859 1794 1041 1856 Marcellum
1069 1793 1209 1867 juvenem
1224 1826 1252 1837 -
1282 1834 1294 1879 ..Α

120 1902 203 1964 haud
226 1900 355 1962 dubium
377 1897 514 1975 Augusti
538 1913 756 1958 successorem
778 1931 820 1942 -
842 1896 1041 1958 adsociat-
1057 1895 1147 1969 cujus
1168 1895 1250 1958 laudes
1280 1896 1294 1957 i

121 2022 158 2067 ac
180 2005 316 2065 virtutes
340 2001 538 2062 continuo
561 2006 717 2076 augentur
741 2017 883 2061 -non
907 1999 1202 2061 animadversis
1220 1999 1250 2058 ln
1279 1996 1294 2077 {r

121 2104 272 2169 crementi
297 2101 492 2179 temporibus
515 2109 548 2161 et
570 2101 789 2162 momentis
813 2102 833 2161 i.
850 2118 878 2162 e.
903 2103 1056 2163 sensim
1079 2110 1113 2163 et
1127 2102 1250 2163 occutrr‘
1279 2090 1294 2163 is

120 2206 209 2278 Quod
238 2214 343 2268 autem
373 2204 598 2274 ,JMarcellis,
634 2221 696 2279 quo
726 2203 823 2264 tacite
855 2204 1054 2282 significatur
1086 2204 1178 2266 etiam
1197 2201 1251 2263 Mor·

121 2309 222 2370 collus
244 2308 454 2375 adolescens,
477 2307 642 2384 eleganter
663 2305 811 2367 dictum“
835 2307 894 2378 iis,
930 2323 1011 2383 quos
1034 2306 1204 2375 nominavi,
1221 2302 1245 2361 ri
1286 2328 1294 2366 s

120 2411 226 2472 detur:
259 2408 335 2485 quid
358 2408 461 2485 magis
485 2414 624 2485 pugnat,
653 2424 746 2484 quam
775 2407 994 2470 Marcellorum
1028 2409 1165 2471 lamam
1194 2421 1251 2467 ser·
1286 2429 1294 2453 ι

121 2527 232 2573 mono
277 2512 478 2571 hominum
519 2516 713 2570 crescentem
753 2512 929 2588 comparari
972 2510 1079 2574 arbori
1120 2509 1294 2583 occultos,

121 2615 192 2674 sive
221 2628 303 2673 aevo
333 2612 420 2679 sive,
455 2617 489 2670 nt
518 2611 604 2680 ajunt
634 2611 785 2673 Heinsius
810 2621 842 2673 et
869 2614 1090 2676 Wakefieldus
1112 2618 1221 2676 Lucret.
1237 2605 1250 2664 l·
1278 2584 1294 2719 Ι

122 2715 182 2773 315
214 2714 316 2788 pil,
347 2728 423 2771 arvo
455 2708 637 2770 crescenti?
667 2714 744 2789 quid
777 2715 934 2787 alienius,
966 2734 1059 2792 quam
1092 2733 1181 2796 spem
1206 2727 1250 2774 sur·
1280 2722 1294 2753 '·

120 2813 226 2891 gantis
249 2812 408 2882 Marcelli,
433 2812 465 2872 in
489 2829 551 2887 quo
573 2811 636 2884 jam
659 2821 746 2877 certa
769 2823 801 2876 et
825 2818 1000 2879 deformata
1021 2818 1252 2880 virtutumdoru·

121 2921 226 2976 menta
247 2920 454 2993 apparerent,
484 2915 620 2976 conferri
645 2916 684 2976 ad
707 2920 1044 2995 amplificandam
1067 2922 1200 2983 lamam
1216 2929 1252 2975 re·

120 3019 199 3079 teris
223 3013 388 3079 Marcelli?
434 3017 531 3088 Quam
554 3034 664 3095 spem,
688 3021 718 3080 si
741 3022 816 3096 quid
839 3022 903 3083 mci
924 3022 1038 3094 judicii
1063 3031 1129 3093 est,
1153 3015 1252 3083 ostendi

121 3122 262 3196 oportuit
292 3128 344 3181 aut
377 3120 438 3191 ita,
475 3128 510 3180 ut
538 3121 680 3182 Marcelli
710 3125 831 3185 veteris
851 3127 963 3187 -virtus
995 3126 1157 3189 diceretur
1186 3117 1252 3201 quasi

121 3222 274 3298 quaedam
303 3223 396 3283 arbor
425 3224 550 3283 occulto
579 3239 661 3285 aevo
684 3225 869 3288 adolevisse
898 3234 995 3304 atque
1019 3228 1052 3290 in
1076 3230 1250 3307 singularam

121 3338 202 3399 quae
234 3323 264 3385 in
288 3323 458 3395 Marcello,
492 3326 597 3386 futuro
625 3328 761 3404 Augusti
790 3345 995 3401 successore,
1033 3333 1154 3403 eluxit,
1187 3339 1249 3407 prttr
1285 3372 1288 3377 -

120 3426 267 3486 stantiam
304 3427 509 3497 excrevisse,
544 3435 598 3488 aut
628 3429 689 3498 ita,
725 3437 759 3490 ul
785 3430 935 3502 juvenem
973 3434 1187 3504 „immensum
1210 3439 1250 3504 spe

120 3528 235 3588 tollere
257 3538 364 3589 avos“
388 3525 578 3610 (Virgben.
592 3530 642 3590 Vl.
656 3529 732 3614 871)
756 3533 862 3594 idest
885 3535 1042 3612 „erigere
1065 3538 1171 3614 gentis
1194 3527 1249 3595 anti·

120 3627 301 3707 quitatern“
324 3625 444 3711 (Serv.)
467 3632 535 3692 lere
556 3633 617 3693 hoc
631 3634 724 3695 modo
740 3636 990 3712 significaretur:
1015 3640 1139 3700 Crescit
1152 3633 1249 3699 occulto

119 3732 209 3795 velut
237 3732 330 3793 arbor
363 3748 444 3792 aevo
474 3733 644 3796 Stemma
680 3735 840 3798 Marcelli
870 3735 1098 3820 (Marcellum)
1109 3751 1129 3776 ‘⁴
1164 3739 1192 3801 id
1216 3736 1250 3793 θεῖ

122 3829 299 3906 „nobilitas
334 3833 553 3896 Marcellorum
589 3838 732 3899 crescit“
763 3840 881 3918 (Barth.
904 3842 981 3903 Stat.
1004 3841 1084 3904 Silv.
1110 3843 1157 3904 lV.
1178 3843 1204 3911 b,
1222 3831 1249 3894 8⁸

120 3936 456 4015 presumitur.
483 3940 559 4002 16⁹:
593 3939 652 4011 Qui
673 3940 819 4004 Volusi
851 3946 983 4021 antiquo
1006 3945 1134 4007 derivat
1154 3951 1248 4005 stem·
1292 3932 1294 3937 ’

119 4045 219 4099 mate
234 4048 382 4101 nouren.“
402 4040 602 4102 luvenvlll.
619 4043 674 4103 lu:
699 4050 800 4106 tumes
824 4047 889 4108 alto
910 4048 1130 4109 Drusorum
1151 4053 1248 4108 stem·

118 4145 251 4199 matc.‘⁸
273 4141 391 4201 Auson.
417 4141 499 4204 Grat.
522 4145 591 4204 Act.
610 4145 664 4205 ll:
699 4160 757 4205 nec
786 4147 955 4211 deductum
984 4150 1023 4209 ab
1047 4151 1192 4211 heroibus
1209 4154 1247 4220 ge·

119 4256 177 4300 nur
200 4241 239 4300 ad
262 4241 387 4303 deoru
397 4262 425 4303 nr
449 4254 613 4306 stemma
638 4246 847 4327 replicatur).
