2806 4866
686 308 751 380 122

37 500 43 515 ¹
142 483 346 546 Numidam
358 480 462 565 (Valg.
476 500 505 560 p.
521 480 607 566 106).
642 482 691 543 De
707 481 822 557 quibus
838 487 986 542 auctores
999 487 1071 542 sunt
1084 481 1193 543 Livius
1203 482 1279 543 iiiiii.

143 586 194 658 51,
215 590 249 648 a:
278 584 453 662 Praecipue
483 585 639 645 convertit
668 599 778 645 omnes
809 585 984 645 substratus
1013 583 1147 644 Numida
1175 592 1281 646 mortuo

143 688 401 772 superincubanti
420 687 560 749 Romano
583 689 676 748 vivus
698 704 775 748 naso
798 687 991 761 auribusque
1011 686 1177 756 laceratis,
1202 704 1283 762 quun

142 789 284 853 manibus
307 790 348 852 ad
370 789 564 864 capiendum
588 791 685 850 telum
714 787 881 851 inutilibus
910 789 942 848 in
966 788 1086 848 rabiem
1117 789 1165 849 ira
1187 804 1283 850 versus

143 891 290 953 laniando
313 876 610 959 dentibus,boste1n
634 891 860 965 exspirassct“
884 896 916 950 et
939 889 1101 951 SiliusVl.
1127 891 1183 950 41:
1205 892 1285 952 Juxta

143 1008 275 1054 cernere
305 1000 371 1054 erat
399 978 577 1054 ‘meritae
606 993 690 1067 sibi
720 1007 894 1069 poscere
924 1007 1084 1052 carmen
1119 991 1286 1052 Virtutis

142 1111 290 1157 sacram
321 1095 480 1157 rabiem.
530 1096 689 1157 Laevinus
720 1096 759 1155 ab
789 1095 854 1156 alto
887 1095 1055 1165 Priverno,
1089 1094 1165 1155 vitis
1187 1096 1287 1156 Latiae

142 1196 322 1275 praesignis
353 1199 491 1268 honore,
528 1197 712 1259 Exanimum
740 1198 918 1260 Namasona
952 1197 1056 1271 Tyren
1094 1211 1192 1271 super
1224 1198 1286 1272 ipse

99 1353 102 1359 ,
139 1297 265 1370 jacebat
286 1299 463 1361 Exanimis:
494 1318 556 1362 non
579 1302 672 1366 hasta
693 1300 781 1370 viro,
805 1318 867 1360 non
892 1297 995 1359 ensis:
1024 1299 1056 1358 in
1082 1299 1161 1359 artis
1183 1300 1286 1373 Abstu-

140 1403 221 1463 lerat
243 1402 318 1462 Fors
338 1420 439 1464 arma:
474 1409 586 1464 tamen·
608 1403 779 1465 certamine
809 1401 893 1462 nudo
923 1399 1045 1460 invenit
1080 1400 1173 1461 Marti
1200 1403 1286 1466 tetum

140 1504 241 1565 dolor.
294 1505 355 1564 Ore
383 1499 517 1566 cruento¹
537 1505 709 1582 Pugnatum
740 1504 880 1579 ferrique
912 1503 1013 1562 vicem
1043 1503 1124 1563 dens
1149 1505 1286 1580 praebuit

141 1607 218 1668 irae.
263 1608 329 1668 Jam
353 1609 479 1670 lacerae
501 1623 594 1669 nares
617 1607 809 1683 foedataque
833 1605 960 1666 lumina
973 1622 1097 1675 morsu,
1123 1606 1190 1666 Jam
1213 1611 1284 1666 trun-

140 1725 209 1769 cum
233 1711 331 1786 raptis
363 1717 457 1787 caput
485 1710 614 1771 auribus
645 1710 780 1797 ipsaque
810 1709 889 1769 diris
916 1709 1012 1768 Frons
1036 1707 1171 1786 depasta
1194 1707 1286 1768 modis

36 1790 44 1803 ’
69 1828 72 1835 ·
140 1818 172 1873 et
197 1812 351 1890 sanguine
374 1814 510 1875 abundat
533 1812 655 1877 hiatus:
678 1812 743 1872 Nec
765 1812 880 1881 satias,
909 1808 1011 1871 donec
1033 1811 1216 1871 mandentia
1236 1810 1285 1870 lin-

124 1919 253 1990 tonaret
272 1932 328 1977 ora
350 1915 487 1993 Spiritus
503 1923 535 1976 et
550 1918 665 1993 plenos
689 1915 785 1976 rictus
803 1930 887 1974 mors
904 1918 971 1972 atra
985 1918 1120 1974 teneret.
1154 1913 1286 1974 Talia-

27 2070 29 2073 .
140 2017 272 2093 praebet
302 1998 403 2080 tristis
432 2019 583 2080 miracuia
612 2016 746 2078 virtus.“
803 2018 908 2090 Atque
936 2014 998 2075 hoc
1027 2014 1174 2090 quidem,
1212 2016 1287 2091 quod
1313 2050 1319 2085 .·

106 2174 110 2179 .
139 2117 248 2188 attuli,
271 2135 334 2178 non
356 2118 459 2179 minus
484 2119 608 2205 confido
632 2121 664 2180 in
687 2118 866 2180 confessum
892 2121 1057 2176 venturum
1078 2130 1168 2194 esse,
1203 2133 1286 2191 quam
1315 2096 1319 2111 ⁴

101 2299 104 2304 Α
141 2218 225 2295 quod
254 2216 516 2297 nuper'Coniect.
540 2221 672 2282 Statii.
701 2240 730 2298 p.
755 2221 815 2282 198
846 2217 962 2279 edocui
990 2235 1009 2278 a
1046 2217 1187 2279 Statio
1218 2220 1287 2279 Silv.

32 2404 36 2408 .
139 2323 175 2382 il.
198 2321 228 2391 d,
255 2322 310 2382 18:
333 2323 433 2400 gemit
457 2324 540 2384 inter
562 2325 648 2386 betta
670 2329 867 2401 peremptum
885 2321 1017 2382 Parthus
1041 2331 1187 2396 equurn“
1212 2323 1289 2395 cela

51 2462 59 2492 -,
137 2425 364 2486 brari·iamam
391 2426 558 2503 Artybii
580 2427 705 2488 Persae.
749 2428 798 2488 De
819 2425 932 2484 vultu
964 2423 1002 2482 ci.
1023 2422 1099 2483 Stat.
1125 2423 1202 2485 Vlll.
1223 2427 1288 2487 tbi.

13 2540 20 2548 ·
62 2576 71 2589 ,
137 2526 290 2589 ammian.
308 2527 412 2587 XXXI.
431 2529 479 2600 13,
496 2531 523 2588 4.
543 2519 635 2590 ¹(tort.
660 2529 734 2590 Sall.
755 2529 823 2588 Cat.
839 2527 923 2596 dud
947 2536 977 2603 p.
994 2527 1065 2587 392.

652 2654 777 2759 leii.

222 2770 427 2893 Supersunt
420 2832 452 2876 1n
476 2753 591 2877 eodem
614 2819 753 2880 carmine
770 2818 851 2889 alia,
875 2833 958 2894 quoe
972 2818 1108 2879 Lebrsio
1124 2818 1165 2879 ad
1182 2800 1290 2880 eristi-

137 2919 296 2991 mondum,
319 2920 395 2996 quid
418 2919 575 2980 dedeceat
596 2919 776 2990 Horatium,
799 2919 972 2996 praecipiti
994 2919 1170 2982 dubitanda
1192 2923 1292 2984 tuisse
1314 2891 1319 3035 ⁴

135 3023 310 3084 videantur.
366 3023 475 3083 Veluti
504 3039 586 3099 quae
622 3023 663 3084 de
699 3023 875 3098 Pyrrhae
910 3024 1075 3084 saeculo
1116 3021 1178 3105 (sic
1209 3029 1291 3087 enim

135 3132 229 3186 vocat
252 3127 347 3187 etiam
370 3124 617 3187 ClaudianusB
643 3125 723 3187 Gild
750 3123 803 3210 43)
828 3126 974 3205 leguntur
997 3144 1026 3183 ιι
1051 3129 1120 3187 d-
1134 3129 1188 3187 t2:

340 3227 462 3291 Piraian
486 3234 524 3287 et
547 3244 696 3299 summa¹
712 3244 839 3306 genus
855 3228 1000 3290 haesit
1022 3229 1111 3306 rino,

341 3331 444 3393 Nota
466 3346 569 3407 quae
592 3330 710 3392 sedes
733 3331 868 3392 iuerat
890 3333 1104 3403 columbis,

308 3476 312 3485 .
339 3434 386 3494 Et
408 3433 571 3515 superiecta
594 3435 771 3510 pavidae
792 3440 983 3497 natarunt

397 3613 399 3616 y
463 3536 599 3615 :Aequore
621 3538 721 3601 danae

134 3638 309 3713 improbata
337 3652 407 3696 cum
435 3639 541 3700 multis
570 3648 634 3700 tum
663 3642 850 3700 Buttmanno
884 3648 916 3700 et
939 3638 1104 3700 Meinekio
1135 3637 1277 3714 Hauptio·

134 3757 214 3817 que,
242 3741 380 3816 aliquam
410 3743 526 3806 habent
556 3743 796 3804 similitudinem
826 3762 889 3804 non
919 3742 1012 3803 modo
1036 3723 1145 3803 Ovidii
1169 3741 1237 3802 Met.
1258 3739 1274 3797 l.

134 3844 214 3913 296,
245 3843 302 3903 sed
325 3842 436 3915 etiarn,
467 3852 502 3904 ut
532 3845 740 3908 indicavimus
768 3847 858 3925 Valg.
882 3863 912 3922 p.
935 3848 1015 3916 404,
1051 3846 1188 3907 Ariosti.
1210 3838 1272 3904 Padi

135 3946 379 4015 exundationem
404 3947 455 4007 bis
479 3947 511 4007 in
526 3948 665 4019 Rolando
691 3950 759 4012 Fur.
772 3951 831 4010 XL.
846 3953 895 4011 31.
919 3950 990 4010 Vol.
1008 3948 1099 4023 ch.
1118 3950 1158 4008 44
1183 3947 1268 4008 Gries.

133 4049 302 4116 narrantis:
327 4066 412 4124 „qua
426 4054 533 4109 autem
556 4066 600 4110 av
613 4064 654 4109 es
678 4051 773 4111 satire
793 4059 1045 4129 consueverunt,
1065 4051 1128 4123 jam
1144 4051 1267 4127 pisces

134 4164 190 4222 per
220 4166 387 4211 summas
425 4152 554 4211 ulmos
592 4153 735 4212 labentes
773 4152 1040 4230 videas-“atque
1071 4153 1204 4213 Himerii
1228 4149 1263 4207 Or.
1315 4216 1319 4242 ἱ

14 4248 242 4576 ¹XXVII
271 4270 301 4327 p.
318 4255 378 4315 838
411 4253 569 4316 Maeandri
599 4254 682 4316 dona
713 4256 763 4316 lris
793 4259 967 4333 coruple'xi:
1002 4255 1086 4333 ἴδοις
1115 4249 1154 4318 ἂν
1174 4253 1263 4319 πεδίον
1314 4302 1319 4346 t
