2806 4866
656 308 700 380 ta

87 477 140 556 [cl.
167 481 283 538 Lucan.
308 477 343 536 Χ.
376 479 434 564 ol)
463 481 919 558 pertinuerit;'verisimilius
955 486 1039 545 enim
1076 487 1157 548 duco
1193 488 1255 548 boc

87 583 167 642 olim
193 583 309 641 lectum
334 582 453 643 luisse:

594 695 684 749 uret
706 689 911 750 Achaicus

392 788 505 866 Ignis
528 788 721 872 'lulagem
744 790 881 851 domos

87 910 137 993 [ut
161 908 251 986 Virg.
276 913 353 970 Aen.
378 908 428 969 ill.
455 912 534 973 55οε
560 909 837 988 Graiugenumque
859 911 971 973 domos
981 920 999 944 “
1029 912 1067 970 cl.
1089 912 1212 970 Lucrel.
1233 909 1253 970 l.

87 1015 165 1074 llo:
193 1011 259 1071 Nec
274 1012 354 1072 clam
374 1012 524 1074 durateus
548 1012 740 1085 Troianis
755 1014 905 1091 Pergama
922 1019 1012 1089 partu
1029 1013 1254 1074 lnllamrnasset

87 1133 192 1192 aqrrus
216 1121 371 1176 nocturno
391 1114 772 1200 Graiugenaruw),
798 1134 889 1193 quam
914 1117 1095 1193 vulgatiora
1120 1114 1176 1175 illa
1198 1133 1252 1177 no·

87 1221 173 1280 nina
196 1218 458 1295 Pergameas,
483 1221 568 1295 quod
590 1220 622 1281 in
645 1219 809 1282 Pulmanni
833 1219 905 1280 blss.
931 1227 1091 1295 repertum
1115 1218 1252 1279 maxime

87 1326 221 1382 auctore
258 1320 485 1398 Oudendorpio
522 1323 763 1400 Peerlkampius
798 1322 965 1398 ampiexus
1000 1327 1048 1381 esl
1084 1322 1120 1381 ci.
1144 1322 1251 1383 Lelrrs.

87 1443 113 1499 p.
139 1424 201 1492 22,
234 1430 289 1484 aul
318 1423 564 1496 Dardanias,
601 1425 684 1501 quod
715 1425 846 1486 invenio
884 1423 969 1500 apud
998 1422 1150 1484 Senecam
1181 1425 1251 1484 Tro.

87 1527 166 1586 372:
193 1524 376 1587 Dardaniae
398 1526 510 1587 domus
535 1526 699 1589 Generosa
723 1528 842 1605 uirgo“
872 1528 909 1588 ci.
937 1527 1006 1588 135.
1051 1528 1251 1604 Agarn.bl2:

87 1629 162 1688 lum
187 1628 372 1690 Dardana
395 1636 480 1690 tecta
501 1630 642 1691 Dorici
669 1631 826 1707 raperetis
850 1631 974 1708 ignes.“
1004 1630 1060 1691 Sil.
1077 1628 1140 1690 llll.
1157 1631 1227 1690 608.

181 1885 299 1946 Eadem
322 1886 466 1962 suspicio
492 1887 604 1946 incidit
628 1887 669 1947 de
690 1888 818 1948 nomine
844 1886 1035 1946 Vaticani
1060 1885 1080 1944 l.
1104 1888 1156 1954 20,
1180 1887 1214 1943 t:

813 2011 853 2067 ut
880 2005 1040 2082 paterni

275 2136 281 2141 ·
343 2108 544 2169 Fluminis
569 2110 687 2186 ripae
709 2107 829 2168 simul
855 2113 892 2168 et
914 2107 1060 2180 jocosa

248 2249 253 2261 ι
346 2212 551 2272 Redderet
574 2212 719 2274 laudes
741 2213 819 2275 tibi
842 2211 970 2276 radan

398 2313 549 2375 Montis
572 2313 712 2391 imago.

87 2432 174 2505 laod
198 2438 231 2491 et
255 2430 422 2494 Sarbievio
453 2434 618 2509 probatum
648 2431 745 2491 video
769 2431 818 2491 ΙΙΙ.
846 2434 860 2492 1
892 2452 920 2509 p.
937 2434 985 2494 at.
1018 2431 1100 2494 iva
1133 2434 1247 2509 pldb.

87 2539 124 2597 ab
154 2554 186 2612 p.
203 2536 265 2595 173
297 2540 328 2595 et
352 2535 404 2596 hic
434 2553 505 2595 cnm
537 2536 576 2596 ab
600 2535 747 2595 omnibus
770 2541 927 2596 retentum
951 2542 1014 2596 tum
1038 2553 1057 2596 a
1078 2536 1246 2596 liueblrero

87 2658 113 2716 p.
138 2632 200 2699 lta
225 2644 257 2696 et
281 2635 445 2699 Meinelrio
469 2657 498 2714 p.
523 2637 587 2697 XLI
610 2644 705 2712 atque
728 2636 877 2713 Hauptio.
923 2639 1056 2700 Scilicet
1076 2639 1246 2700 Lachman-

87 2759 139 2802 rus
169 2736 279 2822 (cujus
311 2741 484 2801 auctoritas
520 2758 581 2802 non
613 2740 754 2801 valuisse
792 2741 876 2818 apud
905 2742 1072 2803 Lchrsium
1107 2741 1247 2825 videtur)

87 2843 236 2904 audacter
259 2843 321 2902 boc
342 2846 465 2904 Lucret.
491 2843 512 2902 l.
538 2845 597 2903 360
622 2862 651 2919 p.
670 2843 709 2904 37
733 2844 1011 2919 pronuntiaverat:
1035 2845 1174 2905 nominis
1195 2860 1245 2903 se-

87 2940 217 3006 :undam
241 2946 394 3020 syllabam
419 2945 567 3007 Horatius
591 2946 762 3021 corripuit,
794 2946 869 3021 quia
892 2948 988 3024 vulgo
1012 2945 1057 3006 ita
1079 2945 1245 3006 dicebant:

87 3055 201 3125 ¹rostea
223 3046 379 3109 Martialis
409 3055 442 3108 et
464 3049 628 3109 luvenalis
658 3048 790 3108 eandem
820 3049 973 3124 syllabam
1003 3048 1244 3109 extendemnt.“

87 3151 183 3222 ioasi
207 3167 285 3211 vero
311 3152 394 3211 inter
416 3150 570 3212 Martialis
593 3150 682 3211 varia
705 3159 853 3227 poemata
876 3159 908 3212 et
930 3152 1092 3213 luvenalis
1116 3151 1245 3214 satiram

87 3252 165 3314 ribil
192 3253 336 3322 intersit,
360 3253 523 3315 luvenalis
546 3261 651 3315 autem
674 3251 819 3324 ejusdem
843 3256 965 3316 ordinis
989 3256 1030 3316 sil.
1053 3260 1149 3331 alque
1172 3254 1244 3316 Pru-

87 3356 228 3427 lentina,
253 3357 307 3432 qui
331 3359 378 3417 sic
401 3359 510 3432 posuit
532 3373 644 3418 uocem
668 3355 882 3419 delibutus
908 3353 1010 3440 (Valg.
1034 3377 1064 3434 p.
1079 3357 1166 3439 lta),
1190 3366 1244 3420 aut

91 3460 115 3529 i,
134 3457 194 3534 qni
209 3458 420 3535 dispondeum
440 3461 585 3520 lecerunt
606 3457 856 3534 parricidas,
880 3459 1118 3521 matricidas
1139 3462 1243 3522 Vinet.

87 3562 201 3621 luson.
227 3579 257 3636 p.
277 3561 347 3621 alr.
372 3562 463 3622 Voss.
487 3560 695 3625 Aristarchi.
712 3563 751 3622 20
775 3580 804 3638 p.
824 3563 893 3625 lca.
930 3562 1017 3641 Valg.
1041 3583 1069 3640 p.
1085 3565 1146 3624 222
1171 3565 1242 3625 add.

87 3664 206 3723 irator,
231 3662 252 3720 l.
280 3664 350 3733 192,
382 3664 637 3740 disciplinas
659 3666 774 3727 Luxor.
798 3667 891 3734 lai
926 3684 954 3742 p.
971 3667 1041 3727 618.
1086 3667 1242 3743 Equidem

87 3764 214 3840 proprio
253 3765 380 3825 nomine
417 3768 612 3843 appellatum
647 3767 700 3827 bic
729 3785 792 3827 non
822 3767 940 3846 magis,
980 3786 1071 3844 quam
1102 3768 1241 3829 Tiberim

87 3886 107 3925 r.
135 3868 153 3926 5
177 3885 224 3943 sq.
234 3889 245 3937 ,·
265 3869 401 3929 arbitror
422 3869 618 3930 Vaticanum.
665 3869 726 3942 Qui
748 3887 838 3931 mons
862 3871 921 3932 luit
945 3872 1108 3947 proximus
1132 3876 1165 3930 et
1188 3871 1240 3930 Ti·

87 3969 149 4030 reri
182 3976 213 4028 el
245 3971 370 4032 theatro
400 3971 559 4048 Pompeii,
592 3972 632 4033 de
662 3991 725 4048 ouo
756 3973 828 4050 ipso
860 3975 953 4035 testis
985 3979 1033 4033 est
1063 3971 1238 4049 Porphyrio

87 4090 106 4146 r.
127 4074 181 4142 83,
208 4076 244 4133 5:
269 4070 454 4135 Vaticanum
476 4081 582 4134 autem
605 4081 743 4136 montem
765 4095 826 4137 non
851 4079 946 4154 longe
970 4093 988 4136 a
1009 4077 1135 4135 theatro
1151 4075 1238 4135 Pom-

87 4175 147 4250 reji
181 4191 255 4235 esse
286 4177 421 4246 scimus,
452 4194 545 4252 quem
575 4180 760 4240 resonuisse
789 4179 882 4240 simul
911 4195 980 4239 cnm
1010 4177 1089 4252 ripis
1113 4178 1237 4239 Tiberis

87 4279 195 4343 ›lausu
218 4280 331 4355 populi
355 4280 465 4340 dicitu
518 4280 607 4340 Unde
630 4282 736 4342 facilis
760 4299 829 4340 cum
852 4282 984 4342 aliarum
1008 4298 1138 4351 vocum,
1169 4282 1236 4359 qui·
