2806 4866
668 342 734 416 l'ld

119 517 262 589 Bentlelo
286 519 411 594 potius,
436 535 530 594 quarn
552 523 728 592 sequuntur
741 515 924 579 Mainakius
948 523 982 577 et
997 516 1156 594 houptine,
1172 536 1233 596 qam

118 621 169 679 cui
200 619 441 697 Peerlkampius
472 619 675 697 suffragatur,
711 618 830 678 Acroni
861 618 932 678 sive
955 619 1152 681 scholiastae
1174 623 1235 697 qu.

119 718 189 802 (qui
213 721 307 794 hujus
331 723 453 783 ordinis
477 740 604 784 suasor:
629 718 764 781 Proeliis
786 719 890 781 audax
915 737 1023 797 neque
1047 723 1238 792 tesilebe,li-
1294 764 1296 771 -

119 827 203 884 ber“
234 827 337 902 ipsum
369 833 512 900 poetam,
542 842 604 884 non
634 823 782 884 Liberum
813 821 931 882 iecisse
950 824 1101 898 proeliis
1129 825 1242 885 auduom

120 928 298 989 censendus
322 927 385 1011 est)
411 927 648 988 assentiendum
672 940 746 985 esse
770 924 883 984 videor
905 926 1094 987 confirmare
1116 928 1246 988 ctoudtnt
1292 940 1296 1019 t

120 1031 191 1090 loco
215 1031 314 1091 hocce
338 1031 372 1091 ll.
395 1032 480 1092 Pros.
504 1029 538 1089 ll.
564 1030 618 1088 20:
642 1014 824 1103 Utraque
847 1027 965 1106 virgo
991 1035 1101 1090 ruunt:
1123 1031 1194 1090 haec
1211 1030 1248 1089 tri·
1293 1038 1296 1119 g

121 1133 223 1193 stibus
253 1149 402 1210 aspera
428 1133 569 1201 bellis,
606 1130 693 1191 llaec
722 1131 943 1191 metuenda
979 1132 1119 1192 ieris.“
1165 1131 1251 1193 Sede
1294 1124 1296 1203 ῗ

121 1253 183 1310 quo
215 1238 341 1297 nomine
368 1237 448 1296 haec
477 1237 576 1296 verba
605 1242 692 1295 recte
723 1235 867 1311 separari
895 1234 1092 1307 judicamus,
1122 1237 1153 1297 id
1173 1239 1252 1314 ipsm
1294 1254 1296 1259 ·

121 1337 201 1397 vitio
232 1345 336 1398 uatum
366 1353 440 1398 esse
463 1339 496 1396 Ο.
519 1338 651 1398 Jahnius
672 1335 777 1398 llerm.
793 1337 845 1397 lll.
874 1357 904 1414 p.
925 1340 984 1398 184
1012 1339 1145 1400 affirmat
1170 1355 1254 1400 asseu-

39 1498 41 1503 .
120 1440 317 1513 tientemque
346 1442 443 1500 habet
473 1440 731 1516 lleynemaunum
763 1438 803 1497 de
834 1439 983 1517 interpol.
1016 1459 1045 1516 p.
1066 1442 1175 1503 1545.
1212 1440 1256 1512 Qui

122 1543 338 1618 praescriptae
368 1543 566 1603 auctoritatis
594 1543 705 1602 lavore
734 1547 822 1600 tanto
847 1540 989 1613 ducitur,
1024 1550 1058 1602 ut
1084 1562 1138 1619 pro
1159 1545 1256 1606 lunone
1292 1608 1296 1621 Ι

119 1642 182 1714 jam
215 1663 277 1704 uon
308 1649 438 1715 nubem,
469 1646 526 1704 sed
556 1646 650 1705 nubis
679 1644 882 1704 simulacrum
911 1645 1028 1706 foveat.
1088 1644 1167 1717 Quid
1193 1648 1258 1708 cuim
1293 1690 1296 1737 i

122 1747 210 1807 alind
237 1748 278 1807 de
307 1764 345 1807 eo
376 1748 494 1817 dicam,
525 1748 579 1822 qni
611 1748 762 1816 „Dianae
792 1747 895 1807 rarius
925 1749 1083 1822 quoddam
1107 1751 1259 1826 epitheton,
1294 1760 1296 1765 '

123 1850 208 1928 quod
232 1866 288 1925 per
311 1866 347 1909 se
370 1866 499 1925 quoque
521 1849 705 1918 desideres,
739 1850 797 1908 sub
827 1856 1096 1926 cormponere,
1130 1860 1259 1927 quaeest

122 1955 260 2022 Liber,
285 1953 477 2013 delitescere
487 1962 505 1987 “
539 1952 654 2012 lahnio
678 1949 815 2012 credidit
838 1966 898 2012 nec
921 1959 1041 2013 tantum
1065 1955 1212 2030 profecit,
1234 1961 1258 2013 ut

125 2060 196 2134 ipse
223 2054 307 2116 istud
330 2057 431 2115 rarius
455 2056 641 2117 vocabulum
672 2055 884 2130 investigaret
915 2056 1202 2134 investigatumque
1225 2054 1259 2139 (id

124 2161 209 2235 quod
233 2162 328 2220 etiarn
352 2159 515 2219 difficilius
538 2159 663 2218 videtur
687 2155 775 2241 esse)
799 2164 875 2234 apte
897 2160 1089 2230 collocaret,
1113 2168 1166 2221 aut
1179 2161 1259 2237 ipsun

125 2263 299 2338 Cypriae
325 2260 463 2343 (Patron.
488 2260 560 2319 hut.
584 2260 674 2335 Reip.
698 2260 785 2319 hom.
810 2258 887 2343 aaa)
922 2277 1036 2322 nomen
1060 2263 1259 2336 praestabilius

123 2366 246 2427 Dianae
275 2364 465 2442 cognomine
495 2362 634 2423 duceret.
685 2361 775 2431 Quod
803 2368 910 2425 autem
940 2365 1138 2439 „epitheton
1168 2379 1258 2442 perse

125 2468 330 2528 desiderari“
354 2469 416 2536 ait,
441 2466 472 2525 id
496 2465 599 2540 ipsum
623 2463 800 2525 mirabilius
823 2472 890 2536 est,
925 2482 1019 2542 quam
1049 2467 1257 2546 quodquidam
1281 2534 1284 2539 ,

127 2572 197 2641 „de
209 2571 335 2630 Baccho
360 2569 412 2629 hic
436 2569 516 2628 nihil
540 2567 711 2642 quidquam
735 2567 826 2627 dici“
851 2585 948 2645 aegre
971 2571 1113 2630 tulerunt
1136 2587 1192 2631 nec
1211 2567 1255 2629 ani·

125 2672 360 2732 madverterunt
391 2671 518 2744 „paulo
542 2675 615 2743 post
639 2669 720 2727 nihil
743 2686 873 2745 prorsus
897 2670 937 2729 de
960 2671 1075 2730 Alcide
1098 2668 1257 2747 praedicari,

125 2775 240 2834 nudum
278 2772 492 2832 tantummodo
530 2786 643 2830 nornen
676 2772 780 2845 poni“
814 2772 930 2853 (Bentl.
961 2793 989 2833 u.
1013 2772 1079 2859 21).
1137 2776 1257 2847 Idemque
1294 2808 1296 2813 -

126 2877 210 2952 quod
241 2894 269 2952 p.
289 2878 326 2936 re
356 2875 481 2934 scribit:
518 2882 650 2950 apparet
682 2889 848 2949 perperam
882 2875 966 2936 hunc
995 2878 1100 2937 locum
1130 2879 1257 2939 alibero

126 2981 282 3049 obtineri,
312 2995 404 3055 quem
436 2984 531 3054 pocta
554 2977 582 3035 si
606 2977 730 3036 auterre
755 2977 928 3047 voluisset,
960 2996 1029 3038 cum
1053 2981 1203 3041 heroibus
1220 2993 1258 3052 po·

127 3086 190 3145 tius
216 3084 327 3144 Alcida
348 3076 602 3159 Tyndaridisque
634 3096 673 3140 ex
704 3097 762 3139 suo
783 3081 1015 3141 consuetudine
1039 3091 1257 3161 congregaturus

127 3190 268 3255 luerot“,
300 3194 332 3245 et
356 3188 571 3246 immemorem
593 3199 629 3242 se
653 3183 757 3259 arguit
781 3181 923 3254 ejusdem
946 3184 1102 3257 Bentleii,
1127 3187 1179 3262 qui
1201 3195 1257 3256 „ne-
1294 3264 1296 3275 Ι

127 3288 241 3347 minem
267 3290 434 3348 memorari
456 3295 583 3366 praeter
597 3287 676 3346 Jove
700 3284 856 3362 genitos‘⁴
880 3286 989 3347 docuit
1010 3306 1040 3346 v.
1058 3288 1096 3349 19
1123 3296 1154 3349 et
1174 3289 1257 3363 „ipsos
1294 3278 1296 3283 ’

128 3407 202 3459 eos,
235 3391 289 3466 qui
312 3391 406 3452 laude
429 3391 624 3451 fortitudinis
656 3389 792 3448 bellicae
823 3389 1029 3450 claruerunt“
1062 3388 1163 3471 (Ouw.
1185 3389 1257 3450 boot.

128 3491 204 3567 llag.
221 3494 305 3551 tlte
336 3512 365 3568 p.
384 3492 477 3575 359),
508 3500 540 3552 et
570 3494 715 3573 ignarum
745 3489 813 3561 ejus
843 3492 994 3564 rationis,
1023 3511 1088 3569 qua
1117 3484 1257 3571 poetaal·

27 3667 29 3671 y
128 3595 239 3654 ductus
265 3595 388 3654 videtur
411 3612 500 3665 esse,
525 3602 558 3655 ut
580 3596 712 3655 duorum
727 3595 858 3654 heroum
873 3595 1036 3656 mentione
1051 3598 1257 3676 defungeretur,

128 3707 162 3758 ut
187 3698 234 3757 lV.
253 3702 280 3766 5,
298 3697 334 3755 34
353 3713 399 3770 sq.
429 3697 480 3756 lll.
498 3699 527 3767 3,
544 3701 561 3758 a
577 3714 623 3773 sq.
654 3697 690 3756 cl.
708 3697 828 3756 Gallim.
852 3698 924 3756 Lav.
949 3698 1023 3757 Poll.
1049 3700 1108 3771 30,
1142 3700 1257 3761 Libona

129 3809 231 3862 autem
262 3807 358 3875 atque
387 3800 569 3874 Apollinem
599 3801 650 3874 (cl.
673 3796 823 3878 LXXXV)
854 3799 967 3859 eodem
999 3803 1112 3862 ordine
1143 3798 1257 3863 haberet:

129 3906 260 3964 alterum
285 3904 367 3963 enirn
392 3901 482 3961 licuit
506 3903 581 3962 dare
604 3904 729 3963 futurae
752 3902 906 3963 victoriae
925 3921 1131 3978 sponsorem,
1154 3906 1257 3966 alterrffl

130 4016 239 4083 partae
268 4014 400 4078 testeum
440 4021 574 4080 namque
612 4005 837 4075 „Phoebum
874 4012 989 4066 certa
1025 4009 1179 4085 sagitta
1203 4012 1256 4064 ntt'

129 4110 342 4168 tuendunr“
374 4108 458 4181 apud
480 4108 605 4167 Actium
630 4107 765 4182 Augusti
795 4109 906 4167 hostes
937 4116 1090 4185 expertos
1123 4126 1190 4171 esse
1210 4114 1256 4182 per·

129 4210 240 4269 hibent
265 4209 309 4288 (id
335 4211 418 4283 quod
441 4211 674 4269 Wernsdorfius
697 4208 771 4270 Exc.
795 4208 835 4269 lV
859 4211 899 4270 ad
921 4211 1008 4288 Eleg.
1033 4214 1065 4273 iu
1087 4216 1167 4274 Obit.
1187 4209 1256 4271 llaec·

132 4313 171 4370 55
196 4329 224 4386 p.
244 4312 303 4372 503
327 4314 358 4371 Τ.
375 4313 424 4371 ut.
449 4312 573 4383 docuit,
597 4329 655 4373 uos
680 4321 711 4374 et
736 4329 832 4391 supra
845 4313 946 4375 -LXlll
970 4333 1000 4393 p.
1017 4317 1074 4378 ret
1102 4301 1256 4396 perstrinxi·
