<?xml version="1.0" encoding="UTF-8"?>
<!DOCTYPE html PUBLIC "-//W3C//DTD XHTML 1.0 Transitional//EN"
    "http://www.w3.org/TR/xhtml1/DTD/xhtml1-transitional.dtd">
<html xmlns="http://www.w3.org/1999/xhtml" xml:lang="en" lang="en">
 <head>
  <title>
</title>
<meta http-equiv="Content-Type" content="text/html;charset=utf-8" />
  <meta name='ocr-system' content='tesseract 3.04.00' />
  <meta name='ocr-capabilities' content='ocr_page ocr_carea ocr_par ocr_line ocrx_word'/>
</head>
<body>
  <div class='ocr_page' id='page_1' title='image "./emendationeshor00ungegoog_0122.png"; bbox 0 0 2828 4866; ppageno 0'>
   <div class='ocr_carea' id='block_1_1' title="bbox 669 351 730 422">
    <p class='ocr_par' dir='ltr' id='par_1_1' title="bbox 669 351 730 422">
     <span class='ocr_line' id='line_1_1' title="bbox 669 351 730 422; baseline 0.033 -2"><span class='ocrx_word' id='word_1_1' title='bbox 669 351 730 422; x_wconf 78' lang='lat' dir='ltr'><strong>tra</strong></span> 
     </span>
    </p>
   </div>
   <div class='ocr_carea' id='block_1_2' title="bbox 639 569 762 668">
    <p class='ocr_par' dir='ltr' id='par_1_2' title="bbox 639 569 762 668">
     <span class='ocr_line' id='line_1_2' title="bbox 639 569 762 668; baseline 0.033 -4"><span class='ocrx_word' id='word_1_2' title='bbox 639 569 762 668; x_wconf 83' lang='lat' dir='ltr'><strong>LVlli.</strong></span> 
     </span>
    </p>
   </div>
   <div class='ocr_carea' id='block_1_3' title="bbox 131 740 1380 1901">
    <p class='ocr_par' dir='ltr' id='par_1_3' title="bbox 131 740 1380 1901">
     <span class='ocr_line' id='line_1_3' title="bbox 208 740 994 839; baseline 0.006 -21"><span class='ocrx_word' id='word_1_3' title='bbox 208 759 335 839; x_wconf 69' lang='lat' dir='ltr'><strong>Referre</strong></span> <span class='ocrx_word' id='word_1_4' title='bbox 362 757 468 837; x_wconf 83' lang='lat' dir='ltr'><strong>piget,</strong></span> <span class='ocrx_word' id='word_1_5' title='bbox 493 776 575 836; x_wconf 88' lang='lat' dir='ltr'><strong>quae</strong></span> <span class='ocrx_word' id='word_1_6' title='bbox 598 760 644 820; x_wconf 92' lang='lat' dir='ltr'><strong>de·</strong></span> <span class='ocrx_word' id='word_1_7' title='bbox 663 740 810 822; x_wconf 63' lang='lat' dir='ltr'><strong>&#39;versibus</strong></span> <span class='ocrx_word' id='word_1_8' title='bbox 834 762 883 822; x_wconf 93' lang='lat' dir='ltr'><strong>lll.</strong></span> <span class='ocrx_word' id='word_1_9' title='bbox 910 764 936 833; x_wconf 88' lang='grc'><strong>1,</strong></span> <span class='ocrx_word' id='word_1_10' title='bbox 962 765 994 824; x_wconf 87' lang='lat'><strong>1:</strong></span> 
     </span>
     <span class='ocr_line' id='line_1_4' title="bbox 247 872 985 958; baseline 0.005 -20"><span class='ocrx_word' id='word_1_11' title='bbox 247 872 254 957; x_wconf 79' lang='lat' dir='ltr'><em>J</em></span> <span class='ocrx_word' id='word_1_12' title='bbox 288 878 363 939; x_wconf 87' lang='lat' dir='ltr'><strong>Odi</strong></span> <span class='ocrx_word' id='word_1_13' title='bbox 385 880 594 954; x_wconf 87' lang='lat' dir='ltr'><strong>profanum</strong></span> <span class='ocrx_word' id='word_1_14' title='bbox 616 881 764 958; x_wconf 84' lang='lat' dir='ltr'><strong>vulgus</strong></span> <span class='ocrx_word' id='word_1_15' title='bbox 787 887 824 942; x_wconf 88' lang='lat' dir='ltr'><strong>et</strong></span> <span class='ocrx_word' id='word_1_16' title='bbox 847 898 985 944; x_wconf 89' lang='lat' dir='ltr'><strong>arceo:</strong></span> 
     </span>
     <span class='ocr_line' id='line_1_5' title="bbox 273 979 1107 1074; baseline 0.008 -34"><span class='ocrx_word' id='word_1_17' title='bbox 273 979 439 1040; x_wconf 67' lang='lat' dir='ltr'><strong>,ll&#39;avetc</strong></span> <span class='ocrx_word' id='word_1_18' title='bbox 463 981 640 1059; x_wconf 85' lang='lat' dir='ltr'><strong>linguis;</strong></span> <span class='ocrx_word' id='word_1_19' title='bbox 672 983 853 1074; x_wconf 81' lang='lat' dir='ltr'><strong>carmina</strong></span> <span class='ocrx_word' id='word_1_20' title='bbox 883 1002 959 1045; x_wconf 92' lang='lat' dir='ltr'><strong>non</strong></span> <span class='ocrx_word' id='word_1_21' title='bbox 989 987 1107 1062; x_wconf 89' lang='lat' dir='ltr'><strong>prius</strong></span> 
     </span>
     <span class='ocr_line' id='line_1_6' title="bbox 349 1082 969 1175; baseline 0.008 -34"><span class='ocrx_word' id='word_1_22' title='bbox 349 1082 498 1143; x_wconf 84' lang='lat' dir='ltr'><strong>Audita</strong></span> <span class='ocrx_word' id='word_1_23' title='bbox 519 1082 714 1144; x_wconf 81' lang='lat' dir='ltr'><strong>Musarum</strong></span> <span class='ocrx_word' id='word_1_24' title='bbox 738 1082 934 1167; x_wconf 86' lang='lat' dir='ltr'><strong>sacerdos</strong></span> <span class='ocrx_word' id='word_1_25' title='bbox 959 1162 969 1175; x_wconf 21' lang='grc' dir='ltr'>κ</span> 
     </span>
     <span class='ocr_line' id='line_1_7' title="bbox 432 1183 1311 1281; baseline 0.013 -40"><span class='ocrx_word' id='word_1_26' title='bbox 432 1183 676 1267; x_wconf 82' lang='lat' dir='ltr'><strong>Virginibus</strong></span> <span class='ocrx_word' id='word_1_27' title='bbox 700 1186 926 1262; x_wconf 87' lang='lat' dir='ltr'><strong>puerisque</strong></span> <span class='ocrx_word' id='word_1_28' title='bbox 951 1195 1071 1250; x_wconf 90' lang='lat' dir='ltr'><strong>canto</strong></span> <span class='ocrx_word' id='word_1_29' title='bbox 1308 1270 1311 1281; x_wconf 32' lang='grc' dir='ltr'>Ι</span> 
     </span>
     <span class='ocr_line' id='line_1_8' title="bbox 135 1301 1278 1386; baseline 0.007 -24"><span class='ocrx_word' id='word_1_30' title='bbox 135 1321 184 1363; x_wconf 94' lang='lat' dir='ltr'><strong>non</strong></span> <span class='ocrx_word' id='word_1_31' title='bbox 206 1301 394 1380; x_wconf 82' lang='lat' dir='ltr'><strong>cogitando,</strong></span> <span class='ocrx_word' id='word_1_32' title='bbox 424 1303 482 1363; x_wconf 90' lang='lat' dir='ltr'><strong>sed</strong></span> <span class='ocrx_word' id='word_1_33' title='bbox 505 1303 663 1380; x_wconf 90' lang='lat' dir='ltr'><strong>opinando</strong></span> <span class='ocrx_word' id='word_1_34' title='bbox 694 1304 757 1364; x_wconf 87' lang='lat' dir='ltr'>sibi</span> <span class='ocrx_word' id='word_1_35' title='bbox 788 1305 916 1366; x_wconf 86' lang='lat' dir='ltr'><strong>finxerit</strong></span> <span class='ocrx_word' id='word_1_36' title='bbox 938 1309 1091 1369; x_wconf 90' lang='lat' dir='ltr'><strong>Lehrsius</strong></span> <span class='ocrx_word' id='word_1_37' title='bbox 1121 1327 1150 1386; x_wconf 87' lang='lat' dir='ltr'><strong>p.</strong></span> <span class='ocrx_word' id='word_1_38' title='bbox 1168 1310 1278 1371; x_wconf 85' lang='lat' dir='ltr'>XCIV:</span> 
     </span>
     <span class='ocr_line' id='line_1_9' title="bbox 135 1401 1277 1473; baseline 0.008 -9"><span class='ocrx_word' id='word_1_39' title='bbox 135 1404 200 1464; x_wconf 86' lang='lat' dir='ltr'><strong>satis</strong></span> <span class='ocrx_word' id='word_1_40' title='bbox 222 1409 272 1464; x_wconf 89' lang='lat' dir='ltr'><strong>est</strong></span> <span class='ocrx_word' id='word_1_41' title='bbox 294 1403 388 1464; x_wconf 88' lang='lat' dir='ltr'><strong>nobis</strong></span> <span class='ocrx_word' id='word_1_42' title='bbox 412 1409 444 1462; x_wconf 92' lang='lat' dir='ltr'><strong>et</strong></span> <span class='ocrx_word' id='word_1_43' title='bbox 466 1405 550 1464; x_wconf 90' lang='lat' dir='ltr'><strong>hunc</strong></span> <span class='ocrx_word' id='word_1_44' title='bbox 573 1411 606 1464; x_wconf 93' lang='lat' dir='ltr'><strong>et</strong></span> <span class='ocrx_word' id='word_1_45' title='bbox 629 1406 711 1466; x_wconf 89' lang='lat' dir='ltr'><strong>alios</strong></span> <span class='ocrx_word' id='word_1_46' title='bbox 728 1406 840 1467; x_wconf 80' lang='lat' dir='ltr'><strong>doctos</strong></span> <span class='ocrx_word' id='word_1_47' title='bbox 855 1408 1060 1470; x_wconf 83' lang='lat' dir='ltr'>admonuisse</span> <span class='ocrx_word' id='word_1_48' title='bbox 1078 1411 1118 1470; x_wconf 92' lang='lat' dir='ltr'><strong>de</strong></span> <span class='ocrx_word' id='word_1_49' title='bbox 1131 1401 1277 1473; x_wconf 82' lang='lat' dir='ltr'><strong>Ausonio</strong></span> 
     </span>
     <span class='ocr_line' id='line_1_10' title="bbox 134 1505 1277 1587; baseline 0.008 -21"><span class='ocrx_word' id='word_1_50' title='bbox 134 1505 370 1580; x_wconf 71' lang='lat' dir='ltr'><strong>monadorum,</strong></span> <span class='ocrx_word' id='word_1_51' title='bbox 402 1521 484 1581; x_wconf 86' lang='lat' dir='ltr'><strong>quae</strong></span> <span class='ocrx_word' id='word_1_52' title='bbox 508 1507 539 1566; x_wconf 90' lang='lat' dir='ltr'><strong>in</strong></span> <span class='ocrx_word' id='word_1_53' title='bbox 562 1507 719 1568; x_wconf 88' lang='lat' dir='ltr'><strong>Bissulam</strong></span> <span class='ocrx_word' id='word_1_54' title='bbox 742 1508 879 1579; x_wconf 87' lang='lat' dir='ltr'><strong>luserat,</strong></span> <span class='ocrx_word' id='word_1_55' title='bbox 908 1510 968 1571; x_wconf 85' lang='lat' dir='ltr'><strong>hac</strong></span> <span class='ocrx_word' id='word_1_56' title='bbox 990 1512 1190 1587; x_wconf 77' lang='lat' dir='ltr'><strong>praefatione</strong></span> <span class='ocrx_word' id='word_1_57' title='bbox 1218 1532 1277 1574; x_wconf 92' lang='lat' dir='ltr'><strong>uso</strong></span> 
     </span>
     <span class='ocr_line' id='line_1_11' title="bbox 134 1606 1286 1689; baseline 0.006 -21"><span class='ocrx_word' id='word_1_58' title='bbox 134 1625 157 1682; x_wconf 88' lang='lat' dir='ltr'><strong>p.</strong></span> <span class='ocrx_word' id='word_1_59' title='bbox 176 1609 249 1668; x_wconf 78' lang='lat'><strong>338:</strong></span> <span class='ocrx_word' id='word_1_60' title='bbox 283 1606 447 1667; x_wconf 80' lang='lat' dir='ltr'><strong>Pervincis</strong></span> <span class='ocrx_word' id='word_1_61' title='bbox 475 1607 602 1669; x_wconf 88' lang='lat' dir='ltr'><strong>tandem</strong></span> <span class='ocrx_word' id='word_1_62' title='bbox 633 1615 664 1668; x_wconf 91' lang='lat' dir='ltr'><strong>et</strong></span> <span class='ocrx_word' id='word_1_63' title='bbox 689 1618 801 1686; x_wconf 92' lang='lat' dir='ltr'><strong>operta</strong></span> <span class='ocrx_word' id='word_1_64' title='bbox 822 1609 979 1672; x_wconf 81' lang='lat' dir='ltr'><strong>Musarum</strong></span> <span class='ocrx_word' id='word_1_65' title='bbox 1002 1628 1159 1683; x_wconf 90' lang='lat' dir='ltr'><strong>mearum,</strong></span> <span class='ocrx_word' id='word_1_66' title='bbox 1194 1624 1286 1689; x_wconf 87' lang='lat' dir='ltr'><strong>quae</strong></span> 
     </span>
     <span class='ocr_line' id='line_1_12' title="bbox 134 1693 1380 1787; baseline 0.007 -19"><span class='ocrx_word' id='word_1_67' title='bbox 134 1709 285 1770; x_wconf 89' lang='lat' dir='ltr'><strong>initiorum</strong></span> <span class='ocrx_word' id='word_1_68' title='bbox 300 1693 637 1779; x_wconf 88' lang='lat' dir='ltr'><strong>volabatobscurilas,</strong></span> <span class='ocrx_word' id='word_1_69' title='bbox 661 1727 848 1785; x_wconf 88' lang='lat' dir='ltr'><strong>quamquam</strong></span> <span class='ocrx_word' id='word_1_70' title='bbox 867 1730 928 1773; x_wconf 91' lang='lat' dir='ltr'><strong>non</strong></span> <span class='ocrx_word' id='word_1_71' title='bbox 952 1712 1151 1787; x_wconf 80' lang='lat' dir='ltr'><strong>profanus</strong></span> <span class='ocrx_word' id='word_1_72' title='bbox 1168 1716 1276 1776; x_wconf 93' lang='lat' dir='ltr'><strong>irrum-</strong></span> <span class='ocrx_word' id='word_1_73' title='bbox 1376 1732 1380 1739; x_wconf 59' lang='lat'>‘</span> 
     </span>
     <span class='ocr_line' id='line_1_13' title="bbox 131 1809 1277 1901; baseline 0.003 -29"><span class='ocrx_word' id='word_1_74' title='bbox 131 1813 192 1886; x_wconf 86' lang='lat' dir='ltr'><strong>pis,</strong></span> <span class='ocrx_word' id='word_1_75' title='bbox 210 1811 309 1872; x_wconf 86' lang='lat' dir='ltr'><strong>Paule</strong></span> <span class='ocrx_word' id='word_1_76' title='bbox 327 1810 501 1871; x_wconf 89' lang='lat' dir='ltr'><strong>carissime.</strong></span> <span class='ocrx_word' id='word_1_77' title='bbox 546 1809 696 1901; x_wconf 86' lang='lat' dir='ltr'><strong>Quamvis</strong></span> <span class='ocrx_word' id='word_1_78' title='bbox 713 1813 797 1872; x_wconf 89' lang='lat' dir='ltr'><strong>enim</strong></span> <span class='ocrx_word' id='word_1_79' title='bbox 812 1818 845 1871; x_wconf 92' lang='lat' dir='ltr'><strong>te</strong></span> <span class='ocrx_word' id='word_1_80' title='bbox 858 1831 921 1872; x_wconf 94' lang='lat' dir='ltr'><strong>non</strong></span> <span class='ocrx_word' id='word_1_81' title='bbox 937 1811 1005 1883; x_wconf 85' lang='lat' dir='ltr'><strong>ejus</strong></span> <span class='ocrx_word' id='word_1_82' title='bbox 1030 1815 1143 1890; x_wconf 83' lang='lat' dir='ltr'><strong>vulgi</strong></span> <span class='ocrx_word' id='word_1_83' title='bbox 1166 1818 1277 1878; x_wconf 84' lang='lat' dir='ltr'><strong>existi-</strong></span> 
     </span>
    </p>
   </div>
   <div class='ocr_carea' id='block_1_4' title="bbox 86 2012 1351 4393">
    <p class='ocr_par' dir='ltr' id='par_1_4' title="bbox 133 2012 1351 3364">
     <span class='ocr_line' id='line_1_14' title="bbox 133 2012 1276 2082; baseline 0.003 -18"><span class='ocrx_word' id='word_1_84' title='bbox 133 2020 365 2080; x_wconf 83' lang='lat' dir='ltr'><strong>persequerentur:</strong></span> <span class='ocrx_word' id='word_1_85' title='bbox 385 2013 590 2082; x_wconf 72' lang='lat' dir='ltr'><strong>perstudiosum</strong></span> <span class='ocrx_word' id='word_1_86' title='bbox 609 2012 773 2076; x_wconf 88' lang='lat' dir='ltr'><strong>scimus“‚</strong></span> <span class='ocrx_word' id='word_1_87' title='bbox 792 2019 823 2063; x_wconf 92' lang='lat' dir='ltr'><strong>ut</strong></span> <span class='ocrx_word' id='word_1_88' title='bbox 840 2028 937 2066; x_wconf 84' lang='lat' dir='ltr'><strong>norum</strong></span> <span class='ocrx_word' id='word_1_89' title='bbox 956 2015 1139 2079; x_wconf 73' lang='lat' dir='ltr'><strong>subrogarent</strong></span> <span class='ocrx_word' id='word_1_90' title='bbox 1150 2016 1276 2068; x_wconf 86' lang='lat' dir='ltr'><strong>verbum:</strong></span> 
     </span>
     <span class='ocr_line' id='line_1_15' title="bbox 134 2097 1276 2164; baseline 0.004 -16"><span class='ocrx_word' id='word_1_91' title='bbox 134 2099 325 2163; x_wconf 70' lang='lat' dir='ltr'><strong>perstudiosum</strong></span> <span class='ocrx_word' id='word_1_92' title='bbox 344 2098 581 2164; x_wconf 87' lang='lat' dir='ltr'><strong>accepimus“,</strong></span> <span class='ocrx_word' id='word_1_93' title='bbox 602 2105 629 2149; x_wconf 90' lang='lat' dir='ltr'><strong>et</strong></span> <span class='ocrx_word' id='word_1_94' title='bbox 647 2100 690 2162; x_wconf 79' lang='lat'><strong>27,</strong></span> <span class='ocrx_word' id='word_1_95' title='bbox 709 2097 756 2149; x_wconf 81' lang='lat'><strong>78:</strong></span> <span class='ocrx_word' id='word_1_96' title='bbox 775 2113 846 2162; x_wconf 88' lang='lat' dir='ltr'><strong>quaa</strong></span> <span class='ocrx_word' id='word_1_97' title='bbox 865 2105 908 2150; x_wconf 92' lang='lat' dir='ltr'><strong>est</strong></span> <span class='ocrx_word' id='word_1_98' title='bbox 925 2099 1033 2162; x_wconf 81' lang='lat' dir='ltr'><strong>victrix,</strong></span> <span class='ocrx_word' id='word_1_99' title='bbox 1054 2115 1086 2150; x_wconf 89' lang='lat' dir='ltr'><strong>aa</strong></span> <span class='ocrx_word' id='word_1_100' title='bbox 1104 2100 1179 2152; x_wconf 89' lang='lat' dir='ltr'><strong>laeta</strong></span> <span class='ocrx_word' id='word_1_101' title='bbox 1197 2128 1230 2139; x_wconf 94' lang='lat'>-</span> <span class='ocrx_word' id='word_1_102' title='bbox 1249 2103 1276 2152; x_wconf 91' lang='lat' dir='ltr'><strong>in</strong></span> 
     </span>
     <span class='ocr_line' id='line_1_16' title="bbox 135 2174 1278 2256; baseline 0.005 -24"><span class='ocrx_word' id='word_1_103' title='bbox 135 2197 216 2250; x_wconf 88' lang='lat' dir='ltr'><strong>rogum</strong></span> <span class='ocrx_word' id='word_1_104' title='bbox 234 2174 397 2251; x_wconf 78' lang='lat' dir='ltr'><strong>imponitur,</strong></span> <span class='ocrx_word' id='word_1_105' title='bbox 417 2183 480 2234; x_wconf 91' lang='lat' dir='ltr'><strong>illa</strong></span> <span class='ocrx_word' id='word_1_106' title='bbox 496 2184 570 2234; x_wconf 85' lang='lat' dir='ltr'><strong>victa</strong></span> <span class='ocrx_word' id='word_1_107' title='bbox 588 2189 695 2235; x_wconf 88' lang='lat' dir='ltr'><strong>moesta</strong></span> <span class='ocrx_word' id='word_1_108' title='bbox 715 2182 833 2235; x_wconf 89' lang='lat' dir='ltr'><strong>discedit</strong></span> <span class='ocrx_word' id='word_1_109' title='bbox 841 2183 868 2248; x_wconf 81' lang='lat'><strong>“‚</strong></span> <span class='ocrx_word' id='word_1_110' title='bbox 888 2200 958 2249; x_wconf 87' lang='lat' dir='ltr'><strong>quae</strong></span> <span class='ocrx_word' id='word_1_111' title='bbox 977 2185 1028 2237; x_wconf 87' lang='lat' dir='ltr'><strong>lroc</strong></span> <span class='ocrx_word' id='word_1_112' title='bbox 1045 2186 1140 2238; x_wconf 89' lang='lat' dir='ltr'><strong>modo:</strong></span> <span class='ocrx_word' id='word_1_113' title='bbox 1161 2187 1278 2256; x_wconf 91' lang='lat' dir='ltr'><strong>imponi·</strong></span> 
     </span>
     <span class='ocr_line' id='line_1_17' title="bbox 135 2268 1351 2337; baseline 0.003 -18"><span class='ocrx_word' id='word_1_114' title='bbox 135 2275 192 2334; x_wconf 88' lang='lat' dir='ltr'><strong>tur,</strong></span> <span class='ocrx_word' id='word_1_115' title='bbox 209 2270 311 2322; x_wconf 85' lang='lat' dir='ltr'><strong>turba</strong></span> <span class='ocrx_word' id='word_1_116' title='bbox 328 2270 402 2321; x_wconf 81' lang='lat' dir='ltr'><strong>victa</strong></span> <span class='ocrx_word' id='word_1_117' title='bbox 412 2268 551 2321; x_wconf 88' lang='lat' dir='ltr'><strong>discedit“</strong></span> <span class='ocrx_word' id='word_1_118' title='bbox 560 2269 808 2334; x_wconf 78' lang='lat' dir='ltr'><strong>redintegravimus</strong></span> <span class='ocrx_word' id='word_1_119' title='bbox 819 2270 846 2319; x_wconf 95' lang='lat' dir='ltr'><strong>in</strong></span> <span class='ocrx_word' id='word_1_120' title='bbox 857 2270 935 2321; x_wconf 89' lang='lat' dir='ltr'><strong>Varii</strong></span> <span class='ocrx_word' id='word_1_121' title='bbox 948 2271 981 2322; x_wconf 92' lang='lat' dir='ltr'><strong>de</strong></span> <span class='ocrx_word' id='word_1_122' title='bbox 991 2269 1180 2337; x_wconf 74' lang='lat' dir='ltr'><strong>MorteEclog·</strong></span> <span class='ocrx_word' id='word_1_123' title='bbox 1189 2272 1224 2324; x_wconf 89' lang='lat' dir='ltr'><strong>lr.</strong></span> <span class='ocrx_word' id='word_1_124' title='bbox 1232 2273 1278 2324; x_wconf 88' lang='lat' dir='ltr'><strong>lV.</strong></span> <span class='ocrx_word' id='word_1_125' title='bbox 1346 2269 1351 2277; x_wconf 84' lang='lat'>&#39;</span> 
     </span>
     <span class='ocr_line' id='line_1_18' title="bbox 136 2352 1278 2420; baseline 0.002 -16"><span class='ocrx_word' id='word_1_126' title='bbox 136 2354 184 2420; x_wconf 78' lang='lat' dir='ltr'><strong>lp.</strong></span> <span class='ocrx_word' id='word_1_127' title='bbox 194 2357 227 2407; x_wconf 76' lang='lat'><strong>22</strong></span> <span class='ocrx_word' id='word_1_128' title='bbox 245 2354 281 2406; x_wconf 87' lang='lat' dir='ltr'><strong>el.</strong></span> <span class='ocrx_word' id='word_1_129' title='bbox 296 2352 364 2407; x_wconf 85' lang='lat' dir='ltr'><strong>Stat.</strong></span> <span class='ocrx_word' id='word_1_130' title='bbox 379 2353 448 2404; x_wconf 81' lang='lat' dir='ltr'><strong>Acir.</strong></span> <span class='ocrx_word' id='word_1_131' title='bbox 460 2354 482 2404; x_wconf 92' lang='lat' dir='ltr'><strong>l.</strong></span> <span class='ocrx_word' id='word_1_132' title='bbox 493 2353 554 2408; x_wconf 77' lang='lat'><strong>483.</strong></span> <span class='ocrx_word' id='word_1_133' title='bbox 582 2353 646 2406; x_wconf 89' lang='lat' dir='ltr'><strong>Nolo</strong></span> <span class='ocrx_word' id='word_1_134' title='bbox 664 2354 720 2419; x_wconf 82' lang='lat' dir='ltr'><strong>jam</strong></span> <span class='ocrx_word' id='word_1_135' title='bbox 740 2354 775 2405; x_wconf 87' lang='lat' dir='ltr'><strong>ad</strong></span> <span class='ocrx_word' id='word_1_136' title='bbox 795 2355 863 2407; x_wconf 87' lang='lat' dir='ltr'><strong>alios</strong></span> <span class='ocrx_word' id='word_1_137' title='bbox 878 2353 1018 2406; x_wconf 76' lang='lat' dir='ltr'><strong>Ciceronis</strong></span> <span class='ocrx_word' id='word_1_138' title='bbox 1032 2355 1116 2408; x_wconf 88' lang='lat' dir='ltr'><strong>libros</strong></span> <span class='ocrx_word' id='word_1_139' title='bbox 1128 2356 1213 2418; x_wconf 87' lang='lat' dir='ltr'><strong>abire,</strong></span> <span class='ocrx_word' id='word_1_140' title='bbox 1232 2372 1278 2408; x_wconf 86' lang='lat' dir='ltr'><strong>ve·</strong></span> 
     </span>
     <span class='ocr_line' id='line_1_19' title="bbox 136 2436 1347 2511; baseline 0.002 -23"><span class='ocrx_word' id='word_1_141' title='bbox 136 2436 165 2490; x_wconf 88' lang='lat' dir='ltr'><strong>lut</strong></span> <span class='ocrx_word' id='word_1_142' title='bbox 178 2440 375 2511; x_wconf 83' lang='lat' dir='ltr'><strong>adorationem</strong></span> <span class='ocrx_word' id='word_1_143' title='bbox 393 2455 443 2507; x_wconf 89' lang='lat' dir='ltr'><strong>pro</strong></span> <span class='ocrx_word' id='word_1_144' title='bbox 454 2437 520 2490; x_wconf 84' lang='lat' dir='ltr'><strong>Sall.</strong></span> <span class='ocrx_word' id='word_1_145' title='bbox 532 2438 629 2503; x_wconf 72' lang='lat' dir='ltr'><strong>tane:</strong></span> <span class='ocrx_word' id='word_1_146' title='bbox 647 2445 743 2507; x_wconf 89' lang='lat' dir='ltr'><strong>posset</strong></span> <span class='ocrx_word' id='word_1_147' title='bbox 761 2439 833 2489; x_wconf 90' lang='lat' dir='ltr'><strong>alia</strong></span> <span class='ocrx_word' id='word_1_148' title='bbox 850 2439 957 2490; x_wconf 79' lang='lat' dir='ltr'><strong>familia</strong></span> <span class='ocrx_word' id='word_1_149' title='bbox 974 2439 1069 2491; x_wconf 83' lang='lat' dir='ltr'><strong>Fausti</strong></span> <span class='ocrx_word' id='word_1_150' title='bbox 1087 2454 1185 2491; x_wconf 88' lang='lat' dir='ltr'><strong>munus</strong></span> <span class='ocrx_word' id='word_1_151' title='bbox 1197 2455 1278 2507; x_wconf 88' lang='lat' dir='ltr'><strong>praa·</strong></span> <span class='ocrx_word' id='word_1_152' title='bbox 1339 2464 1347 2478; x_wconf 90' lang='lat'><strong>·</strong></span> 
     </span>
     <span class='ocr_line' id='line_1_20' title="bbox 136 2521 1289 2605; baseline 0.005 -34"><span class='ocrx_word' id='word_1_153' title='bbox 136 2521 210 2576; x_wconf 87' lang='lat' dir='ltr'><strong>bere“</strong></span> <span class='ocrx_word' id='word_1_154' title='bbox 228 2526 284 2590; x_wconf 90' lang='lat' dir='ltr'><strong>sic,</strong></span> <span class='ocrx_word' id='word_1_155' title='bbox 301 2532 333 2576; x_wconf 93' lang='lat' dir='ltr'><strong>ut</strong></span> <span class='ocrx_word' id='word_1_156' title='bbox 352 2525 421 2577; x_wconf 88' lang='lat' dir='ltr'><strong>alias</strong></span> <span class='ocrx_word' id='word_1_157' title='bbox 440 2525 561 2590; x_wconf 88' lang='lat' dir='ltr'><strong>dicetur,</strong></span> <span class='ocrx_word' id='word_1_158' title='bbox 591 2525 811 2576; x_wconf 76' lang='lat' dir='ltr'><strong>emaculandum:</strong></span> <span class='ocrx_word' id='word_1_159' title='bbox 836 2530 932 2591; x_wconf 84' lang='lat' dir='ltr'><strong>posset</strong></span> <span class='ocrx_word' id='word_1_160' title='bbox 950 2524 1125 2577; x_wconf 90' lang='lat' dir='ltr'><strong>Poetellia</strong></span> <span class='ocrx_word' id='word_1_161' title='bbox 1144 2524 1289 2605; x_wconf 62' lang='lat' dir='ltr'><strong>lumilia“x</strong></span> 
     </span>
     <span class='ocr_line' id='line_1_21' title="bbox 137 2600 1265 2679; baseline 0.003 -21"><span class='ocrx_word' id='word_1_162' title='bbox 137 2607 169 2671; x_wconf 88' lang='lat' dir='ltr'><strong>(ut</strong></span> <span class='ocrx_word' id='word_1_163' title='bbox 185 2618 225 2663; x_wconf 88' lang='lat' dir='ltr'><strong>eet</strong></span> <span class='ocrx_word' id='word_1_164' title='bbox 243 2613 271 2662; x_wconf 92' lang='lat' dir='ltr'><strong>in</strong></span> <span class='ocrx_word' id='word_1_165' title='bbox 290 2609 424 2661; x_wconf 82' lang='lat' dir='ltr'><strong>marmore</strong></span> <span class='ocrx_word' id='word_1_166' title='bbox 450 2626 495 2677; x_wconf 92' lang='lat' dir='ltr'><strong>ap.</strong></span> <span class='ocrx_word' id='word_1_167' title='bbox 516 2609 639 2678; x_wconf 84' lang='lat' dir='ltr'><strong>Dempst.</strong></span> <span class='ocrx_word' id='word_1_168' title='bbox 660 2610 778 2679; x_wconf 87' lang='lat' dir='ltr'><strong>Paralip.</strong></span> <span class='ocrx_word' id='word_1_169' title='bbox 798 2610 833 2679; x_wconf 68' lang='lat' dir='ltr'><strong>V,</strong></span> <span class='ocrx_word' id='word_1_170' title='bbox 852 2612 886 2661; x_wconf 81' lang='lat'><strong>24</strong></span> <span class='ocrx_word' id='word_1_171' title='bbox 903 2626 932 2678; x_wconf 87' lang='lat' dir='ltr'><strong>p.</strong></span> <span class='ocrx_word' id='word_1_172' title='bbox 945 2611 1005 2660; x_wconf 77' lang='lat' dir='ltr'><strong>tta.</strong></span> <span class='ocrx_word' id='word_1_173' title='bbox 1036 2608 1070 2660; x_wconf 89' lang='lat' dir='ltr'><strong>B:</strong></span> <span class='ocrx_word' id='word_1_174' title='bbox 1091 2609 1119 2660; x_wconf 89' lang='lat' dir='ltr'><strong>P.</strong></span> <span class='ocrx_word' id='word_1_175' title='bbox 1141 2600 1265 2662; x_wconf 61' lang='lat' dir='ltr'><strong>Poetel&#39;</strong></span> 
     </span>
     <span class='ocr_line' id='line_1_22' title="bbox 137 2689 1276 2764; baseline 0.004 -22"><span class='ocrx_word' id='word_1_176' title='bbox 137 2689 191 2748; x_wconf 89' lang='lat' dir='ltr'><strong>lius</strong></span> <span class='ocrx_word' id='word_1_177' title='bbox 205 2697 235 2752; x_wconf 90' lang='lat' dir='ltr'><strong>P.</strong></span> <span class='ocrx_word' id='word_1_178' title='bbox 255 2696 286 2747; x_wconf 77' lang='lat'><strong>1..</strong></span> <span class='ocrx_word' id='word_1_179' title='bbox 305 2694 389 2761; x_wconf 72' lang='lat' dir='ltr'><strong>Syrus</strong></span> <span class='ocrx_word' id='word_1_180' title='bbox 407 2690 572 2762; x_wconf 85' lang='lat' dir='ltr'><strong>Lanista“):</strong></span> <span class='ocrx_word' id='word_1_181' title='bbox 602 2698 672 2747; x_wconf 90' lang='lat' dir='ltr'><strong>nunc</strong></span> <span class='ocrx_word' id='word_1_182' title='bbox 690 2695 757 2747; x_wconf 83' lang='lat' dir='ltr'><strong>libet</strong></span> <span class='ocrx_word' id='word_1_183' title='bbox 776 2695 896 2760; x_wconf 86' lang='lat' dir='ltr'><strong>adjicere</strong></span> <span class='ocrx_word' id='word_1_184' title='bbox 910 2695 1057 2747; x_wconf 90' lang='lat' dir='ltr'><strong>earundem</strong></span> <span class='ocrx_word' id='word_1_185' title='bbox 1077 2694 1157 2747; x_wconf 83' lang='lat' dir='ltr'><strong>Taso.</strong></span> <span class='ocrx_word' id='word_1_186' title='bbox 1176 2694 1276 2764; x_wconf 81' lang='lat' dir='ltr'><strong>Dispu-</strong></span> 
     </span>
     <span class='ocr_line' id='line_1_23' title="bbox 136 2780 1277 2848; baseline 0.005 -22"><span class='ocrx_word' id='word_1_187' title='bbox 136 2781 256 2834; x_wconf 88' lang='lat' dir='ltr'><strong>tatioaum</strong></span> <span class='ocrx_word' id='word_1_188' title='bbox 268 2782 357 2834; x_wconf 90' lang='lat' dir='ltr'><strong>locum</strong></span> <span class='ocrx_word' id='word_1_189' title='bbox 366 2781 400 2830; x_wconf 86' lang='lat' dir='ltr'><strong>V.</strong></span> <span class='ocrx_word' id='word_1_190' title='bbox 412 2780 511 2843; x_wconf 58' lang='lat' dir='ltr'><strong>Pam:</strong></span> <span class='ocrx_word' id='word_1_191' title='bbox 532 2780 596 2845; x_wconf 91' lang='lat' dir='ltr'><strong>quid</strong></span> <span class='ocrx_word' id='word_1_192' title='bbox 609 2796 640 2833; x_wconf 87' lang='lat' dir='ltr'><strong>eo</strong></span> <span class='ocrx_word' id='word_1_193' title='bbox 653 2781 741 2848; x_wconf 87' lang='lat' dir='ltr'><strong>possit</strong></span> <span class='ocrx_word' id='word_1_194' title='bbox 755 2795 817 2831; x_wconf 88' lang='lat' dir='ltr'><strong>asse</strong></span> <span class='ocrx_word' id='word_1_195' title='bbox 832 2780 1028 2848; x_wconf 85' lang='lat' dir='ltr'><strong>praestantius,</strong></span> <span class='ocrx_word' id='word_1_196' title='bbox 1048 2796 1129 2844; x_wconf 90' lang='lat' dir='ltr'><strong>quum</strong></span> <span class='ocrx_word' id='word_1_197' title='bbox 1142 2780 1277 2833; x_wconf 87' lang='lat' dir='ltr'><strong>contineri</strong></span> 
     </span>
     <span class='ocr_line' id='line_1_24' title="bbox 138 2864 1277 2933; baseline -0.004 -12"><span class='ocrx_word' id='word_1_198' title='bbox 138 2867 434 2928; x_wconf 76' lang='lat' dir='ltr'><strong>{trudentia-utilitatem</strong></span> <span class='ocrx_word' id='word_1_199' title='bbox 459 2867 557 2918; x_wconf 87' lang='lat' dir='ltr'><strong>civium</strong></span> <span class='ocrx_word' id='word_1_200' title='bbox 583 2872 692 2933; x_wconf 90' lang='lat' dir='ltr'><strong>cernat,</strong></span> <span class='ocrx_word' id='word_1_201' title='bbox 714 2867 824 2931; x_wconf 83' lang='lat' dir='ltr'><strong>justitia</strong></span> <span class='ocrx_word' id='word_1_202' title='bbox 847 2864 916 2917; x_wconf 88' lang='lat' dir='ltr'><strong>nihil</strong></span> <span class='ocrx_word' id='word_1_203' title='bbox 940 2867 968 2916; x_wconf 92' lang='lat' dir='ltr'><strong>in</strong></span> <span class='ocrx_word' id='word_1_204' title='bbox 991 2881 1069 2917; x_wconf 88' lang='lat' dir='ltr'><strong>suam</strong></span> <span class='ocrx_word' id='word_1_205' title='bbox 1086 2867 1194 2917; x_wconf 87' lang='lat' dir='ltr'><strong>domurn</strong></span> <span class='ocrx_word' id='word_1_206' title='bbox 1212 2866 1277 2917; x_wconf 85' lang='lat' dir='ltr'><strong>inde</strong></span> 
     </span>
     <span class='ocr_line' id='line_1_25' title="bbox 137 2949 1277 3018; baseline -0.002 -16"><span class='ocrx_word' id='word_1_207' title='bbox 137 2949 251 3007; x_wconf 84' lang='lat' dir='ltr'><strong>derivet“</strong></span> <span class='ocrx_word' id='word_1_208' title='bbox 274 2953 315 3005; x_wconf 89' lang='lat' dir='ltr'><strong>sie</strong></span> <span class='ocrx_word' id='word_1_209' title='bbox 338 2952 528 3018; x_wconf 86' lang='lat' dir='ltr'><strong>corrigendum</strong></span> <span class='ocrx_word' id='word_1_210' title='bbox 551 2952 654 3003; x_wconf 83' lang='lat' dir='ltr'><strong>videri:</strong></span> <span class='ocrx_word' id='word_1_211' title='bbox 679 2966 760 3015; x_wconf 85' lang='lat' dir='ltr'><strong>quum</strong></span> <span class='ocrx_word' id='word_1_212' title='bbox 778 2951 933 3002; x_wconf 89' lang='lat' dir='ltr'><strong>continere</strong></span> <span class='ocrx_word' id='word_1_213' title='bbox 956 2949 1104 3017; x_wconf 87' lang='lat' dir='ltr'><strong>prudentia</strong></span> <span class='ocrx_word' id='word_1_214' title='bbox 1128 2950 1277 3001; x_wconf 83' lang='lat' dir='ltr'><strong>utilitatem</strong></span> 
     </span>
     <span class='ocr_line' id='line_1_26' title="bbox 137 3034 1279 3104; baseline -0.004 -16"><span class='ocrx_word' id='word_1_215' title='bbox 137 3047 221 3092; x_wconf 81' lang='lat' dir='ltr'><strong>curet</strong></span> <span class='ocrx_word' id='word_1_216' title='bbox 246 3039 373 3104; x_wconf 84' lang='lat' dir='ltr'><strong>(certet</strong></span> <span class='ocrx_word' id='word_1_217' title='bbox 398 3037 435 3090; x_wconf 82' lang='lat' dir='ltr'><strong>ci.</strong></span> <span class='ocrx_word' id='word_1_218' title='bbox 455 3037 533 3090; x_wconf 80' lang='lat' dir='ltr'><strong>ovid.</strong></span> <span class='ocrx_word' id='word_1_219' title='bbox 551 3038 627 3090; x_wconf 83' lang='lat' dir='ltr'><strong>Fast.</strong></span> <span class='ocrx_word' id='word_1_220' title='bbox 647 3037 692 3086; x_wconf 90' lang='lat' dir='ltr'><strong>lV.</strong></span> <span class='ocrx_word' id='word_1_221' title='bbox 712 3036 759 3088; x_wconf 76' lang='lat' dir='ltr'><strong>at:</strong></span> <span class='ocrx_word' id='word_1_222' title='bbox 789 3035 893 3099; x_wconf 87' lang='lat' dir='ltr'><strong>Perque</strong></span> <span class='ocrx_word' id='word_1_223' title='bbox 918 3051 983 3087; x_wconf 90' lang='lat' dir='ltr'><strong>suos</strong></span> <span class='ocrx_word' id='word_1_224' title='bbox 1008 3035 1093 3085; x_wconf 89' lang='lat' dir='ltr'><strong>initus</strong></span> <span class='ocrx_word' id='word_1_225' title='bbox 1118 3034 1279 3085; x_wconf 90' lang='lat' dir='ltr'><strong>continet</strong></span> 
     </span>
     <span class='ocr_line' id='line_1_27' title="bbox 136 3119 1279 3194; baseline -0.003 -20"><span class='ocrx_word' id='word_1_226' title='bbox 136 3139 202 3180; x_wconf 85' lang='lat' dir='ltr'><strong>outre</strong></span> <span class='ocrx_word' id='word_1_227' title='bbox 219 3123 337 3194; x_wconf 83' lang='lat' dir='ltr'><strong>genus.⁴‘</strong></span> <span class='ocrx_word' id='word_1_228' title='bbox 374 3125 458 3176; x_wconf 84' lang='lat' dir='ltr'><strong>Rutil.</strong></span> <span class='ocrx_word' id='word_1_229' title='bbox 472 3125 493 3178; x_wconf 87' lang='lat'><strong>1.</strong></span> <span class='ocrx_word' id='word_1_230' title='bbox 506 3125 550 3180; x_wconf 79' lang='lat' dir='ltr'><strong>at.</strong></span> <span class='ocrx_word' id='word_1_231' title='bbox 579 3124 712 3176; x_wconf 81' lang='lat' dir='ltr'><strong>Emendd.</strong></span> <span class='ocrx_word' id='word_1_232' title='bbox 736 3122 840 3175; x_wconf 80' lang='lat' dir='ltr'><strong>Arnob.</strong></span> <span class='ocrx_word' id='word_1_233' title='bbox 866 3122 924 3173; x_wconf 86' lang='lat' dir='ltr'><strong>sive</strong></span> <span class='ocrx_word' id='word_1_234' title='bbox 947 3122 1027 3173; x_wconf 78' lang='lat' dir='ltr'><strong>Anal.</strong></span> <span class='ocrx_word' id='word_1_235' title='bbox 1047 3121 1129 3188; x_wconf 86' lang='lat' dir='ltr'><strong>Prop.</strong></span> <span class='ocrx_word' id='word_1_236' title='bbox 1161 3136 1221 3188; x_wconf 89' lang='lat' dir='ltr'><strong>cap.</strong></span> <span class='ocrx_word' id='word_1_237' title='bbox 1239 3119 1279 3170; x_wconf 86' lang='lat' dir='ltr'><strong>Xl</strong></span> 
     </span>
     <span class='ocr_line' id='line_1_28' title="bbox 135 3207 1279 3280; baseline -0.006 -14"><span class='ocrx_word' id='word_1_238' title='bbox 135 3223 156 3276; x_wconf 75' lang='lat' dir='ltr'><strong>p.</strong></span> <span class='ocrx_word' id='word_1_239' title='bbox 172 3214 253 3280; x_wconf 81' lang='grc'><strong>72)“,</strong></span> <span class='ocrx_word' id='word_1_240' title='bbox 280 3227 349 3276; x_wconf 87' lang='lat' dir='ltr'><strong>quae</strong></span> <span class='ocrx_word' id='word_1_241' title='bbox 374 3211 611 3276; x_wconf 86' lang='lat' dir='ltr'><strong>autemlcguntur</strong></span> <span class='ocrx_word' id='word_1_242' title='bbox 630 3212 672 3274; x_wconf 79' lang='lat'><strong>27,</strong></span> <span class='ocrx_word' id='word_1_243' title='bbox 691 3210 741 3262; x_wconf 78' lang='lat' dir='ltr'><strong>to:</strong></span> <span class='ocrx_word' id='word_1_244' title='bbox 767 3210 823 3261; x_wconf 89' lang='lat' dir='ltr'><strong>sint</strong></span> <span class='ocrx_word' id='word_1_245' title='bbox 846 3223 913 3261; x_wconf 89' lang='lat' dir='ltr'><strong>sane</strong></span> <span class='ocrx_word' id='word_1_246' title='bbox 937 3209 986 3260; x_wconf 89' lang='lat' dir='ltr'><strong>illa</strong></span> <span class='ocrx_word' id='word_1_247' title='bbox 1010 3222 1113 3274; x_wconf 89' lang='lat' dir='ltr'><strong>genera</strong></span> <span class='ocrx_word' id='word_1_248' title='bbox 1137 3207 1279 3271; x_wconf 87' lang='lat' dir='ltr'><strong>bonorum,</strong></span> 
     </span>
     <span class='ocr_line' id='line_1_29' title="bbox 134 3291 1279 3364; baseline -0.003 -18"><span class='ocrx_word' id='word_1_249' title='bbox 134 3293 187 3350; x_wconf 88' lang='lat' dir='ltr'><strong>dum</strong></span> <span class='ocrx_word' id='word_1_250' title='bbox 205 3298 329 3364; x_wconf 87' lang='lat' dir='ltr'><strong>corporis</strong></span> <span class='ocrx_word' id='word_1_251' title='bbox 348 3303 374 3348; x_wconf 89' lang='lat' dir='ltr'><strong>at</strong></span> <span class='ocrx_word' id='word_1_252' title='bbox 394 3302 508 3347; x_wconf 87' lang='lat' dir='ltr'><strong>externa</strong></span> <span class='ocrx_word' id='word_1_253' title='bbox 531 3297 643 3361; x_wconf 82' lang='lat' dir='ltr'><strong>jaceant</strong></span> <span class='ocrx_word' id='word_1_254' title='bbox 661 3295 736 3345; x_wconf 90' lang='lat' dir='ltr'><strong>humi</strong></span> <span class='ocrx_word' id='word_1_255' title='bbox 754 3319 789 3333; x_wconf 91' lang='lat'>-</span> <span class='ocrx_word' id='word_1_256' title='bbox 808 3294 862 3344; x_wconf 90' lang='lat' dir='ltr'><strong>alia</strong></span> <span class='ocrx_word' id='word_1_257' title='bbox 881 3299 971 3344; x_wconf 88' lang='lat' dir='ltr'><strong>autam</strong></span> <span class='ocrx_word' id='word_1_258' title='bbox 990 3292 1036 3342; x_wconf 88' lang='lat' dir='ltr'><strong>illa</strong></span> <span class='ocrx_word' id='word_1_259' title='bbox 1054 3291 1199 3343; x_wconf 83' lang='lat' dir='ltr'><strong>divina-</strong></span> <span class='ocrx_word' id='word_1_260' title='bbox 1218 3307 1279 3343; x_wconf 88' lang='lat' dir='ltr'><strong>eoe-</strong></span> 
     </span>
    </p>

    <p class='ocr_par' dir='ltr' id='par_1_5' title="bbox 86 3376 1318 4393">
     <span class='ocr_line' id='line_1_30' title="bbox 86 3376 1281 3449; baseline -0.004 -18"><span class='ocrx_word' id='word_1_261' title='bbox 86 3400 88 3405; x_wconf 96' lang='lat'>·</span> <span class='ocrx_word' id='word_1_262' title='bbox 133 3378 179 3435; x_wconf 88' lang='lat' dir='ltr'><strong>lum</strong></span> <span class='ocrx_word' id='word_1_263' title='bbox 197 3383 350 3449; x_wconf 88' lang='lat' dir='ltr'><strong>attingant,</strong></span> <span class='ocrx_word' id='word_1_264' title='bbox 371 3378 425 3447; x_wconf 89' lang='lat' dir='ltr'><strong>[ut]</strong></span> <span class='ocrx_word' id='word_1_265' title='bbox 446 3395 479 3431; x_wconf 90' lang='lat' dir='ltr'><strong>ea</strong></span> <span class='ocrx_word' id='word_1_266' title='bbox 498 3381 545 3445; x_wconf 90' lang='lat' dir='ltr'><strong>qui</strong></span> <span class='ocrx_word' id='word_1_267' title='bbox 564 3380 681 3446; x_wconf 88' lang='lat' dir='ltr'><strong>adeptus</strong></span> <span class='ocrx_word' id='word_1_268' title='bbox 700 3381 751 3442; x_wconf 89' lang='lat' dir='ltr'><strong>sit,</strong></span> <span class='ocrx_word' id='word_1_269' title='bbox 771 3395 818 3429; x_wconf 90' lang='lat' dir='ltr'><strong>cur</strong></span> <span class='ocrx_word' id='word_1_270' title='bbox 837 3392 898 3428; x_wconf 88' lang='lat' dir='ltr'><strong>eum</strong></span> <span class='ocrx_word' id='word_1_271' title='bbox 915 3376 1026 3426; x_wconf 89' lang='lat' dir='ltr'><strong>beatum</strong></span> <span class='ocrx_word' id='word_1_272' title='bbox 1048 3381 1075 3426; x_wconf 89' lang='lat' dir='ltr'><strong>et</strong></span> <span class='ocrx_word' id='word_1_273' title='bbox 1088 3391 1141 3427; x_wconf 89' lang='lat' dir='ltr'><strong>non</strong></span> <span class='ocrx_word' id='word_1_274' title='bbox 1152 3376 1281 3428; x_wconf 89' lang='lat' dir='ltr'><strong>beatissi-</strong></span> 
     </span>
     <span class='ocr_line' id='line_1_31' title="bbox 131 3450 1300 3531; baseline -0.009 -11"><span class='ocrx_word' id='word_1_275' title='bbox 131 3482 196 3520; x_wconf 89' lang='lat' dir='ltr'><strong>num</strong></span> <span class='ocrx_word' id='word_1_276' title='bbox 214 3468 299 3520; x_wconf 86' lang='lat' dir='ltr'><strong>etiarn</strong></span> <span class='ocrx_word' id='word_1_277' title='bbox 317 3466 432 3518; x_wconf 87' lang='lat' dir='ltr'><strong>dixerim</strong></span> <span class='ocrx_word' id='word_1_278' title='bbox 441 3465 468 3530; x_wconf 88' lang='lat'><strong>“,</strong></span> <span class='ocrx_word' id='word_1_279' title='bbox 497 3464 550 3516; x_wconf 91' lang='lat' dir='ltr'><strong>hac</strong></span> <span class='ocrx_word' id='word_1_280' title='bbox 568 3464 676 3516; x_wconf 88' lang='lat' dir='ltr'><strong>demum</strong></span> <span class='ocrx_word' id='word_1_281' title='bbox 695 3470 754 3514; x_wconf 89' lang='lat' dir='ltr'><strong>arte</strong></span> <span class='ocrx_word' id='word_1_282' title='bbox 778 3463 926 3531; x_wconf 85' lang='lat' dir='ltr'><strong>perspicua</strong></span> <span class='ocrx_word' id='word_1_283' title='bbox 950 3459 1023 3510; x_wconf 81' lang='lat' dir='ltr'><strong>lieri:</strong></span> <span class='ocrx_word' id='word_1_284' title='bbox 1051 3486 1110 3524; x_wconf 86' lang='lat'><strong>„-</strong></span> <span class='ocrx_word' id='word_1_285' title='bbox 1127 3450 1300 3526; x_wconf 81' lang='lat' dir='ltr'><strong>attingant=¹</strong></span> 
     </span>
     <span class='ocr_line' id='line_1_32' title="bbox 130 3544 1282 3619; baseline -0.01 -13"><span class='ocrx_word' id='word_1_286' title='bbox 130 3561 156 3606; x_wconf 90' lang='lat' dir='ltr'><strong>nt</strong></span> <span class='ocrx_word' id='word_1_287' title='bbox 172 3569 206 3606; x_wconf 84' lang='lat' dir='ltr'><strong>ea</strong></span> <span class='ocrx_word' id='word_1_288' title='bbox 225 3552 302 3618; x_wconf 88' lang='lat' dir='ltr'><strong>quis</strong></span> <span class='ocrx_word' id='word_1_289' title='bbox 322 3552 441 3619; x_wconf 89' lang='lat' dir='ltr'><strong>adeptus</strong></span> <span class='ocrx_word' id='word_1_290' title='bbox 459 3552 513 3614; x_wconf 87' lang='lat' dir='ltr'><strong>sit,</strong></span> <span class='ocrx_word' id='word_1_291' title='bbox 532 3567 578 3601; x_wconf 89' lang='lat' dir='ltr'><strong>cur</strong></span> <span class='ocrx_word' id='word_1_292' title='bbox 598 3564 658 3600; x_wconf 89' lang='lat' dir='ltr'><strong>eum</strong></span> <span class='ocrx_word' id='word_1_293' title='bbox 673 3575 706 3586; x_wconf 93' lang='lat'>-</span> <span class='ocrx_word' id='word_1_294' title='bbox 721 3564 775 3600; x_wconf 89' lang='lat' dir='ltr'><strong>non</strong></span> <span class='ocrx_word' id='word_1_295' title='bbox 793 3546 984 3599; x_wconf 88' lang='lat' dir='ltr'><strong>beatissimum</strong></span> <span class='ocrx_word' id='word_1_296' title='bbox 1004 3545 1087 3597; x_wconf 89' lang='lat' dir='ltr'><strong>etiarn</strong></span> <span class='ocrx_word' id='word_1_297' title='bbox 1107 3544 1282 3606; x_wconf 81' lang='lat' dir='ltr'><strong>dixerlml“;</strong></span> 
     </span>
     <span class='ocr_line' id='line_1_33' title="bbox 130 3629 1282 3705; baseline -0.011 -13"><span class='ocrx_word' id='word_1_298' title='bbox 130 3655 194 3705; x_wconf 87' lang='lat' dir='ltr'><strong>quae</strong></span> <span class='ocrx_word' id='word_1_299' title='bbox 213 3644 306 3690; x_wconf 84' lang='lat' dir='ltr'><strong>autem</strong></span> <span class='ocrx_word' id='word_1_300' title='bbox 323 3637 446 3689; x_wconf 89' lang='lat' dir='ltr'><strong>insiticia</strong></span> <span class='ocrx_word' id='word_1_301' title='bbox 461 3635 621 3702; x_wconf 84' lang='lat' dir='ltr'><strong>judicarunt</strong></span> <span class='ocrx_word' id='word_1_302' title='bbox 638 3635 748 3701; x_wconf 89' lang='lat' dir='ltr'><strong>plurimi</strong></span> <span class='ocrx_word' id='word_1_303' title='bbox 761 3634 782 3685; x_wconf 91' lang='lat' dir='ltr'><strong>l.</strong></span> <span class='ocrx_word' id='word_1_304' title='bbox 793 3635 837 3696; x_wconf 78' lang='lat'><strong>42,</strong></span> <span class='ocrx_word' id='word_1_305' title='bbox 850 3632 913 3687; x_wconf 86' lang='lat'>101:</span> <span class='ocrx_word' id='word_1_306' title='bbox 934 3629 998 3694; x_wconf 91' lang='lat' dir='ltr'><strong>quid</strong></span> <span class='ocrx_word' id='word_1_307' title='bbox 1014 3629 1059 3679; x_wconf 92' lang='lat' dir='ltr'><strong>ille</strong></span> <span class='ocrx_word' id='word_1_308' title='bbox 1080 3629 1136 3681; x_wconf 86' lang='lat' dir='ltr'><strong>dux</strong></span> <span class='ocrx_word' id='word_1_309' title='bbox 1145 3629 1282 3681; x_wconf 77' lang='lat' dir='ltr'><strong>Leonidas</strong></span> 
     </span>
     <span class='ocr_line' id='line_1_34' title="bbox 127 3713 1281 3782; baseline -0.011 -5"><span class='ocrx_word' id='word_1_310' title='bbox 127 3725 210 3777; x_wconf 83' lang='lat' dir='ltr'><strong>dixit:</strong></span> <span class='ocrx_word' id='word_1_311' title='bbox 236 3721 412 3774; x_wconf 86' lang='lat' dir='ltr'><strong>Prandete</strong></span> <span class='ocrx_word' id='word_1_312' title='bbox 432 3720 521 3772; x_wconf 88' lang='lat' dir='ltr'><strong>animo</strong></span> <span class='ocrx_word' id='word_1_313' title='bbox 540 3720 609 3772; x_wconf 84' lang='lat' dir='ltr'><strong>lorti</strong></span> <span class='ocrx_word' id='word_1_314' title='bbox 623 3716 692 3782; x_wconf 86' lang='lat'><strong>-“‚</strong></span> <span class='ocrx_word' id='word_1_315' title='bbox 718 3719 786 3770; x_wconf 91' lang='lat' dir='ltr'><strong>satis</strong></span> <span class='ocrx_word' id='word_1_316' title='bbox 811 3715 922 3768; x_wconf 88' lang='lat' dir='ltr'><strong>delendi</strong></span> <span class='ocrx_word' id='word_1_317' title='bbox 947 3714 1100 3782; x_wconf 78' lang='lat' dir='ltr'><strong>Hegesippi</strong></span> <span class='ocrx_word' id='word_1_318' title='bbox 1123 3713 1281 3766; x_wconf 89' lang='lat' dir='ltr'><strong>testimonio</strong></span> 
     </span>
     <span class='ocr_line' id='line_1_35' title="bbox 125 3797 1318 3869; baseline -0.015 -9"><span class='ocrx_word' id='word_1_319' title='bbox 125 3809 156 3862; x_wconf 88' lang='lat' dir='ltr'><strong>V.</strong></span> <span class='ocrx_word' id='word_1_320' title='bbox 176 3810 211 3860; x_wconf 80' lang='lat'><strong>27</strong></span> <span class='ocrx_word' id='word_1_321' title='bbox 236 3822 252 3857; x_wconf 90' lang='lat' dir='ltr'><strong>a</strong></span> <span class='ocrx_word' id='word_1_322' title='bbox 276 3806 407 3858; x_wconf 74' lang='lat' dir='ltr'><strong>Cicerone</strong></span> <span class='ocrx_word' id='word_1_323' title='bbox 427 3805 495 3855; x_wconf 88' lang='lat' dir='ltr'><strong>haec</strong></span> <span class='ocrx_word' id='word_1_324' title='bbox 517 3805 647 3856; x_wconf 90' lang='lat' dir='ltr'><strong>mutuati:</strong></span> <span class='ocrx_word' id='word_1_325' title='bbox 674 3819 760 3869; x_wconf 88' lang='lat' dir='ltr'><strong>„cum</strong></span> <span class='ocrx_word' id='word_1_326' title='bbox 778 3801 915 3853; x_wconf 85' lang='lat' dir='ltr'><strong>Leonidas</strong></span> <span class='ocrx_word' id='word_1_327' title='bbox 943 3799 988 3849; x_wconf 90' lang='lat' dir='ltr'><strong>ille</strong></span> <span class='ocrx_word' id='word_1_328' title='bbox 1005 3797 1211 3858; x_wconf 75' lang='lat' dir='ltr'><strong>Lacedaemone</strong></span> <span class='ocrx_word' id='word_1_329' title='bbox 1236 3811 1281 3862; x_wconf 91' lang='lat' dir='ltr'><strong>gc·</strong></span> <span class='ocrx_word' id='word_1_330' title='bbox 1316 3837 1318 3842; x_wconf 93' lang='lat'><em>.</em></span> 
     </span>
     <span class='ocr_line' id='line_1_36' title="bbox 125 3874 1281 3961; baseline -0.016 -14"><span class='ocrx_word' id='word_1_331' title='bbox 125 3895 201 3947; x_wconf 84' lang='lat' dir='ltr'><strong>nitus</strong></span> <span class='ocrx_word' id='word_1_332' title='bbox 217 3891 405 3961; x_wconf 86' lang='lat' dir='ltr'><strong>praeliaturus</strong></span> <span class='ocrx_word' id='word_1_333' title='bbox 429 3890 560 3941; x_wconf 86' lang='lat' dir='ltr'><strong>adversus</strong></span> <span class='ocrx_word' id='word_1_334' title='bbox 584 3874 814 3939; x_wconf 82' lang='lat' dir='ltr'><strong>innumerabilem</strong></span> <span class='ocrx_word' id='word_1_335' title='bbox 827 3884 970 3936; x_wconf 87' lang='lat' dir='ltr'><strong>Persarum</strong></span> <span class='ocrx_word' id='word_1_336' title='bbox 995 3882 1145 3934; x_wconf 88' lang='lat' dir='ltr'><strong>exercitum</strong></span> <span class='ocrx_word' id='word_1_337' title='bbox 1164 3880 1281 3931; x_wconf 84' lang='lat' dir='ltr'><strong>dixerit:</strong></span> 
     </span>
     <span class='ocr_line' id='line_1_37' title="bbox 124 3962 1283 4047; baseline -0.014 -18"><span class='ocrx_word' id='word_1_338' title='bbox 124 3977 361 4047; x_wconf 83' lang='lat' dir='ltr'><strong>prandeamus</strong></span> <span class='ocrx_word' id='word_1_339' title='bbox 379 3975 408 4028; x_wconf 90' lang='lat' dir='ltr'><strong>in</strong></span> <span class='ocrx_word' id='word_1_340' title='bbox 428 3975 511 4026; x_wconf 90' lang='lat' dir='ltr'><strong>terris</strong></span> <span class='ocrx_word' id='word_1_341' title='bbox 530 3973 603 4041; x_wconf 92' lang='lat' dir='ltr'><strong>apud</strong></span> <span class='ocrx_word' id='word_1_342' title='bbox 621 3972 724 4024; x_wconf 88' lang='lat' dir='ltr'><strong>inieras</strong></span> <span class='ocrx_word' id='word_1_343' title='bbox 744 3969 893 4023; x_wconf 86' lang='lat' dir='ltr'><strong>coenaturi.</strong></span> <span class='ocrx_word' id='word_1_344' title='bbox 909 3995 945 4008; x_wconf 89' lang='lat'><em>-</em></span> <span class='ocrx_word' id='word_1_345' title='bbox 968 3966 1038 4027; x_wconf 83' lang='lat' dir='ltr'><strong>Quid</strong></span> <span class='ocrx_word' id='word_1_346' title='bbox 1057 3962 1283 4017; x_wconf 80' lang='lat' dir='ltr'><strong>deltomano&#39;rnni</strong></span> 
     </span>
     <span class='ocr_line' id='line_1_38' title="bbox 124 4048 1284 4129; baseline -0.016 -12"><span class='ocrx_word' id='word_1_347' title='bbox 124 4063 244 4129; x_wconf 81' lang='lat' dir='ltr'><strong>integris</strong></span> <span class='ocrx_word' id='word_1_348' title='bbox 266 4060 423 4127; x_wconf 88' lang='lat' dir='ltr'><strong>legionibus</strong></span> <span class='ocrx_word' id='word_1_349' title='bbox 447 4060 560 4124; x_wconf 85' lang='lat' dir='ltr'><strong>loquarl</strong></span> <span class='ocrx_word' id='word_1_350' title='bbox 588 4074 655 4123; x_wconf 89' lang='lat' dir='ltr'><strong>quos</strong></span> <span class='ocrx_word' id='word_1_351' title='bbox 680 4057 747 4110; x_wconf 79' lang='lat' dir='ltr'><strong>Cato</strong></span> <span class='ocrx_word' id='word_1_352' title='bbox 775 4057 914 4108; x_wconf 88' lang='lat' dir='ltr'><strong>Romanae</strong></span> <span class='ocrx_word' id='word_1_353' title='bbox 939 4057 1060 4104; x_wconf 88' lang='lat' dir='ltr'><strong>assertor</strong></span> <span class='ocrx_word' id='word_1_354' title='bbox 1085 4048 1231 4100; x_wconf 75' lang='lat' dir='ltr'><strong>lacundia‘e</strong></span> <span class='ocrx_word' id='word_1_355' title='bbox 1256 4053 1284 4099; x_wconf 93' lang='lat' dir='ltr'><strong>et</strong></span> 
     </span>
     <span class='ocr_line' id='line_1_39' title="bbox 123 4133 1283 4211; baseline -0.014 -11"><span class='ocrx_word' id='word_1_356' title='bbox 123 4148 254 4202; x_wconf 83' lang='lat' dir='ltr'><strong>veritatis</strong></span> <span class='ocrx_word' id='word_1_357' title='bbox 279 4147 402 4198; x_wconf 87' lang='lat' dir='ltr'><strong>sincerus</strong></span> <span class='ocrx_word' id='word_1_358' title='bbox 429 4146 566 4211; x_wconf 88' lang='lat' dir='ltr'><strong>interpres</strong></span> <span class='ocrx_word' id='word_1_359' title='bbox 598 4144 718 4195; x_wconf 90' lang='lat' dir='ltr'><strong>asseruit</strong></span> <span class='ocrx_word' id='word_1_360' title='bbox 742 4158 802 4193; x_wconf 89' lang='lat' dir='ltr'><strong>cum</strong></span> <span class='ocrx_word' id='word_1_361' title='bbox 827 4138 995 4191; x_wconf 87' lang='lat' dir='ltr'><strong>exultatione</strong></span> <span class='ocrx_word' id='word_1_362' title='bbox 1027 4135 1062 4186; x_wconf 92' lang='lat' dir='ltr'><strong>ad</strong></span> <span class='ocrx_word' id='word_1_363' title='bbox 1091 4133 1190 4184; x_wconf 90' lang='lat' dir='ltr'><strong>bellum</strong></span> <span class='ocrx_word' id='word_1_364' title='bbox 1221 4148 1283 4198; x_wconf 89' lang='lat' dir='ltr'><strong>pro-</strong></span> 
     </span>
     <span class='ocr_line' id='line_1_40' title="bbox 124 4218 1283 4297; baseline -0.017 -10"><span class='ocrx_word' id='word_1_365' title='bbox 124 4233 263 4297; x_wconf 77' lang='lat' dir='ltr'><strong>cessisse,</strong></span> <span class='ocrx_word' id='word_1_366' title='bbox 289 4232 323 4284; x_wconf 87' lang='lat' dir='ltr'><strong>de</strong></span> <span class='ocrx_word' id='word_1_367' title='bbox 343 4247 394 4295; x_wconf 89' lang='lat' dir='ltr'><strong>quo</strong></span> <span class='ocrx_word' id='word_1_368' title='bbox 413 4229 549 4280; x_wconf 88' lang='lat' dir='ltr'><strong>redituros</strong></span> <span class='ocrx_word' id='word_1_369' title='bbox 568 4243 622 4279; x_wconf 84' lang='lat' dir='ltr'><strong>nors</strong></span> <span class='ocrx_word' id='word_1_370' title='bbox 641 4229 841 4279; x_wconf 89' lang='lat' dir='ltr'><strong>arbitrarentur</strong></span> <span class='ocrx_word' id='word_1_371' title='bbox 865 4225 1059 4285; x_wconf 80' lang='lat' dir='ltr'><strong>universosque</strong></span> <span class='ocrx_word' id='word_1_372' title='bbox 1081 4218 1199 4269; x_wconf 89' lang='lat' dir='ltr'><strong>libenter</strong></span> <span class='ocrx_word' id='word_1_373' title='bbox 1222 4232 1283 4283; x_wconf 88' lang='lat' dir='ltr'><strong>pro-</strong></span> 
     </span>
     <span class='ocr_line' id='line_1_41' title="bbox 124 4313 697 4393; baseline -0.017 -21"><span class='ocrx_word' id='word_1_374' title='bbox 124 4318 273 4382; x_wconf 86' lang='lat' dir='ltr'><strong>cubuisse,</strong></span> <span class='ocrx_word' id='word_1_375' title='bbox 292 4331 326 4367; x_wconf 90' lang='lat' dir='ltr'><strong>ne</strong></span> <span class='ocrx_word' id='word_1_376' title='bbox 345 4320 483 4367; x_wconf 89' lang='lat' dir='ltr'><strong>mutarent</strong></span> <span class='ocrx_word' id='word_1_377' title='bbox 501 4313 697 4393; x_wconf 87' lang='lat' dir='ltr'><strong>sententiam.“</strong></span> 
     </span>
    </p>
   </div>
   <div class='ocr_carea' id='block_1_5' title="bbox 0 0 1418 4866">
    <p class='ocr_par' dir='ltr' id='par_1_6' title="bbox 0 0 1418 4866">
     <span class='ocr_line' id='line_1_42' title="bbox 0 0 1418 4866; baseline 0 0"><span class='ocrx_word' id='word_1_378' title='bbox 0 0 1418 4866; x_wconf 95' lang='lat' dir='ltr'><strong> </strong></span> 
     </span>
    </p>
   </div>
  </div>
 </body>
</html>
