2806 4866
691 274 758 350 tet

146 458 167 517 l.
192 458 221 526 8,
246 457 285 516 to
320 460 352 514 et
381 453 455 513 Met.
477 452 512 513 X.
538 448 615 536 tte)
644 455 698 510 out
720 448 782 509 viri
805 450 958 510 fastorum
988 448 1144 510 memorio
1168 446 1309 510 celebre-

146 559 264 622 tissimi
286 558 389 634 polma
413 573 469 633 par
491 557 600 618 haberi
624 553 728 630 possit
751 552 855 615 arbori
879 558 1031 614 senectae
1055 550 1193 630 „long-is
1213 552 1310 613 inter·

145 663 249 723 minae
285 658 429 720 saeclis“
460 657 620 740 (Prudent.
652 675 677 718 c.
715 655 829 733 Symm.
853 654 889 715 ll.
910 647 991 738 iob)
1029 655 1160 716 numine
1199 669 1310 716 sacrae

144 765 232 846 (Stat.
256 763 354 823 Theb.
379 760 428 821 vt.
454 758 509 843 ⁰3)
538 762 608 823 sive
640 774 727 836 „per
755 775 868 820 nevum
901 763 1038 819 socrae“
1076 753 1149 840 (Sil.
1173 754 1211 818 x.
1237 759 1309 835 ret)

146 866 178 927 id
214 873 263 926 est
299 863 444 935 „saeclis
481 861 804 932 innumerabilibus“,
840 862 955 937 quibus
990 859 1061 921 iore
1092 868 1127 938 ut
1159 867 1307 923 canescet

145 983 281 1044 quercus
308 967 449 1028 Mariana
479 971 587 1042 sperat
611 965 722 1026 Cicero
746 966 843 1043 Legg.
868 965 890 1024 i.
917 965 944 1035 1,
968 962 997 1022 2.
1054 963 1120 1025 Nec
1142 959 1305 1026 doctorum

144 1071 306 1130 bominum
338 1085 411 1129 cura
431 1061 494 1129 'aut
525 1068 703 1129 subtilitate
725 1070 811 1128 ullus
834 1066 923 1128 locus
948 1072 1055 1127 erutus
1081 1071 1149 1138 est,
1180 1082 1221 1129 ex
1245 1082 1305 1144 quo

145 1173 379 1250 intelligeretur
408 1176 482 1246 apte
511 1175 565 1253 aut
599 1169 717 1230 usitate
748 1170 814 1230 dici
843 1171 896 1230 vel
926 1169 1132 1230 occultum
1166 1182 1303 1232 aevom

147 1275 197 1334 vel
222 1273 434 1342 occultum¹
454 1288 603 1342 arvum,
633 1271 718 1347 quod
748 1274 788 1334 ab
816 1271 952 1334 Heinsio
986 1271 1205 1350 excogitatum
1234 1268 1299 1349 quis

146 1393 209 1437 non
238 1375 327 1435 videt
356 1374 485 1433 multum
515 1373 642 1435 differre
673 1390 741 1435 cum
772 1375 830 1446 iis,
867 1388 949 1450 quae
978 1375 1009 1434 in
1040 1372 1203 1434 similibus
1226 1373 1294 1437 locis

145 1481 293 1556 leguntur
315 1476 445 1538 Homeri
466 1475 500 1536 II.
516 1477 606 1537 XVII.
621 1478 677 1539 53:
700 1469 798 1562 χώρῳ
821 1473 853 1539 Ie
876 1473 1032 1562 οἰοπόλῳ.
1055 1474 1132 1538 Nuo.
1145 1476 1233 1555 Elegt
1246 1476 1289 1538 tt:

147 1588 313 1643 secreto
343 1596 425 1656 quae
453 1585 526 1640 nata
559 1586 607 1640 est
636 1582 728 1642 arbor
757 1580 788 1642 in
818 1598 913 1642 arvo
950 1579 1005 1661 (ci.
1028 1581 1095 1642 Tib.
1119 1581 1171 1640 tv.
1197 1580 1243 1653 lb,
1264 1583 1289 1643 l:

146 1685 341 1747 secretis-
369 1674 470 1743 silvis.
500 1685 638 1759 Lennep.
669 1682 834 1744 Animadv.
871 1683 910 1744 ati
947 1683 1121 1745 collator.
1147 1687 1165 1744 'l
1195 1681 1311 1768 pillb'

145 1787 301 1864 Propertii
325 1787 346 1844 l.
370 1787 399 1855 2,
426 1788 480 1846 lt:
510 1783 623 1862 Surget
647 1791 678 1844 et
703 1785 734 1845 in
759 1785 868 1846 solis
890 1787 1063 1848 formosius
1086 1788 1216 1848 arbutus
1236 1803 1291 1848 an·

145 1891 250 1951 tris“
275 1897 306 1950 et
329 1904 459 1965 quorum
482 1888 598 1950 nullom
612 1887 777 1960 Bentlejus
797 1889 908 1951 habuit
923 1891 1096 1961 rationem,
1122 1888 1234 1952 Catulli
1246 1891 1284 1962 ct,

147 1994 202 2055 39:
232 1991 273 2051 Ut
295 1993 354 2052 ilos
378 1991 409 2052 in
440 1991 576 2068 septis
608 1998 803 2052 secretus
825 1993 967 2053 nascitur
995 1993 1139 2054 hortis.
1185 1991 1294 2056 tattt·

146 2096 242 2156 vidua
266 2093 297 2154 in
322 2094 423 2155 nudo
447 2095 524 2154 vitis
555 2110 637 2170 quae
659 2094 801 2155 nascitur
829 2105 952 2156 arvo“
984 2099 1016 2156 et
1038 2091 1158 2158 Lucani
1181 2097 1200 2157 l.
1225 2085 1284 2157 1³5⁹.

144 2197 253 2268 Qualis
284 2195 484 2273 frugifero
523 2213 658 2272 quercus
695 2196 839 2258 sublimis
871 2198 910 2258 in
940 2187 1066 2275 agr'o“
1095 2195 1134 2259 cl.
1157 2197 1284 2261 Hamil.
1302 2240 1311 2361 1

143 2296 250 2360 XVIII.
274 2298 330 2358 bl:
367 2294 467 2380 φυτόν
495 2291 538 2374 ὥς
566 2298 671 2386 γουνῷ
698 2293 823 2377 silwim?
881 2298 956 2363 Nam
979 2302 1035 2377 qui
1063 2301 1135 2380 egri
1157 2317 1230 2363 vere
1249 2302 1284 2362 in·

143 2402 329 2479 telligantur
359 2402 531 2473 occulti,
566 2405 709 2465 Lucanus
739 2403 879 2465 declarat
908 2404 970 2465 hoc
999 2400 1149 2482 exemplo
1172 2405 1219 2465 tv.
1240 2404 1284 2467 il:

141 2523 205 2566 non
237 2504 353 2580 pabula
380 2505 476 2564 mersi
505 2503 577 2566 Ulla
603 2506 708 2567 ierunt
739 2507 836 2568 sulci:
871 2513 1025 2570 tectarum
1049 2522 1158 2568 errore
1181 2508 1283 2570 vinnm

141 2606 272 2667 Fallitur
300 2607 479 2666 occultis
517 2623 646 2683 sparsus
684 2610 854 2686 populator
890 2608 923 2670 in
953 2603 1115 2688 agris“;
1149 2611 1189 2671 de
1218 2624 1283 2671 aero

142 2707 267 2767 occulto
299 2705 498 2767 existimatur
533 2723 573 2767 ex
603 2707 764 2770 Prudentii
794 2727 906 2783 versu,
946 2726 1039 2788 quem
1073 2712 1180 2775 attulit
1207 2713 1284 2773 Benl-

141 2807 241 2880 lejus,
270 2806 535 2886 Hamartig.i'l'l:
568 2807 648 2881 Qui,
680 2812 767 2874 velut
790 2822 921 2877 aeterna
948 2800 1086 2877 latitaos'
1108 2817 1167 2877 sub
1195 2820 1311 2893 nocte,⁴

141 2918 312 2974 retrorsum
342 2911 468 2973 Vixerit
503 2918 535 2972 et
572 2917 682 2975 tecto
720 2929 848 2994 semper
883 2919 1067 2996 regnaverit
1103 2896 1222 2990 aevot‘,
1257 2921 1284 2978 ut

139 3015 308 3077 manifesto
338 3030 463 3085 errore,
493 3015 525 3076 id
548 3015 632 3092 quod
658 3017 778 3078 iterum
810 3018 1028 3082 inculcandum
1059 3027 1127 3093 est,
1158 3021 1183 3082 ii
1212 3028 1283 3081 tone·

140 3125 246 3186 antur,
280 3118 334 3192 qui
357 3117 499 3179 Marcelli
529 3116 614 3189 ejus,
652 3117 741 3190 cujus
771 3119 923 3184 victorias
954 3125 993 3184 ab
1023 3125 1170 3185 omnibus
1197 3137 1282 3185 rerum

140 3224 300 3294 gestarum
323 3218 530 3296 scriptoribus
553 3221 734 3297 praedicari
757 3229 898 3294 constat,
929 3225 1040 3287 lamam
1063 3225 1202 3287 similem
1223 3235 1281 3285 esst
1309 3257 1311 3260 -

139 3325 265 3381 narrent
294 3322 400 3382 arbori
429 3329 518 3393 „tam
549 3331 755 3397 uetustae,
785 3333 825 3385 ut
856 3324 944 3396 ejus
969 3312 1071 3388 anni
1107 3328 1280 3407 ignoren-

138 3427 239 3493 tur“,
274 3431 400 3484 narrent
431 3430 537 3486 autem
566 3442 607 3487 ne
637 3429 699 3488 hoc
729 3428 857 3504 quidem
887 3428 1104 3508 intelligentia
1132 3422 1280 3506 assequuti

139 3525 198 3584 hec
220 3525 332 3600 utique
355 3514 532 3588 mutatione
554 3547 636 3607 opus
660 3531 777 3591 fuisse:
801 3531 943 3590 Crevit
966 3533 1093 3594 occulto
1106 3535 1194 3594 velut
1207 3533 1279 3594 oioor
1300 3566 1311 3579 .,

139 3634 252 3687 aevo.“
296 3624 406 3702 Itaque
430 3646 524 3704 quum
547 3632 691 3693 neutrius
715 3633 859 3694 Marcelli
881 3633 964 3696 fania
986 3641 1041 3695 out
1065 3634 1166 3696 viitus
1190 3635 1219 3696 in
1238 3631 1277 3693 ab-

23 3770 27 3776 ·
138 3729 205 3790 dito
234 3747 310 3792 arvo
339 3730 517 3793 adoleverit
545 3741 600 3794 aut
629 3737 824 3806 ‚‚latenter“
858 3733 961 3820 (Serv.
984 3737 1072 3815 Virg.
1095 3739 1160 3801 Ecl.
1182 3739 1215 3799 X.
1234 3729 1275 3817 ll)

139 3834 292 3904 creverit,
328 3833 519 3909 posterioris
551 3837 619 3898 laus
649 3839 680 3898 in
705 3840 871 3901 exculto
895 3840 1004 3918 potius
1027 3831 1105 3902 arvo
1128 3842 1182 3902 vel
1203 3841 1275 3901 horto

139 3929 315 4016 (Columell.
329 3936 365 3995 Χ.
378 3933 455 4020 424)
477 3937 618 3998 crevisse
641 3941 805 4014 videatur,
830 3941 920 4019 ipsae
939 3944 1072 4004 arbores
1088 3950 1194 4004 autem
1208 3944 1275 4002 recle

136 4035 280 4097 dicantur
308 4046 361 4138 aut
392 4041 515 4100 occulto
546 4049 667 4102 auctu
695 4060 841 4106 crescere
873 4043 921 4128 (ut
942 4046 1029 4124 Virg.
1054 4045 1171 4125 Georg.
1191 4046 1212 4106 l.
1233 4040 1274 4102 86:

137 4140 320 4200 occultos
343 4139 466 4202 vires.
491 4144 568 4204 Stat.
591 4145 688 4205 Theb.
711 4145 761 4206 tx,
786 4148 847 4210 449
877 4149 1032 4211 tacitos
1055 4149 1169 4210 uires
1191 4145 1273 4208 etLu-

136 4248 210 4304 cret.
234 4242 283 4303 VI.
310 4240 386 4322 168:
428 4248 550 4308 arboris
586 4254 714 4310 auctu.
754 4251 855 4311 Burm.
889 4253 982 4314 Anttr.
1012 4255 1079 4315 Lat.
1102 4251 1153 4314 tlt.
1181 4245 1270 4313 tttt.
