2806 4866
649 309 744 378 ·21

271 482 354 552 Qua
379 483 501 558 pinus
526 483 671 559 ingens
696 484 869 558 albaque
893 487 1068 559 populus

269 585 447 644 Umbram
472 586 726 661 hospitalem
750 587 1000 646 consociare
1024 597 1171 659 uiuant,

335 675 460 764 Mirans,
484 687 582 763 quid
605 689 776 762 obliquo
801 689 960 749 laboret

397 791 569 866 Lympha
591 791 715 867 fugax
739 791 953 868 trepidare
977 795 1084 863 rivo,

269 892 349 952 Huc
373 893 466 953 vina
490 899 526 951 et
550 901 760 970 unguenta
784 901 822 953 et
846 895 1008 954 nimium
1032 899 1183 956 breves

267 996 409 1055 Floras
433 1012 624 1056 amoenae
648 997 757 1056 ferre
778 995 876 1068 jube
899 1014 1028 1057 rosae.

130 1116 174 1174 Ut
201 1121 249 1175 est
274 1114 323 1174 ill.
350 1117 379 1185 8,
405 1116 438 1173 2:
477 1114 608 1185 „Quid
632 1117 730 1175 velint
763 1118 857 1177 ileres
888 1124 920 1175 et
949 1133 1057 1176 acerra
1087 1118 1165 1176 turis
1189 1117 1295 1184 l'leua,

132 1219 344 1288 miraris“,
369 1234 464 1293 quem
487 1220 591 1277 locum
615 1219 790 1278 orniseruut
820 1219 973 1279 Heinsius
1005 1221 1165 1280 Claudiau.
1189 1220 1294 1295 Epitb.

133 1321 212 1380 Pall.
239 1322 276 1379 bb
300 1337 329 1395 p.
348 1323 409 1382 529
434 1328 466 1380 et
490 1323 684 1381 Burmannus
708 1323 829 1382 Pelion.
855 1325 894 1385 ab
920 1343 949 1398 p.
974 1324 1051 1395 lta,
1085 1325 1155 1382 lruc
1178 1329 1294 1391 aulem,

136 1429 171 1481 ut
197 1424 292 1481 Carm
317 1423 366 1482 Ill.
395 1425 421 1492 1,
448 1425 497 1484 34.
527 1423 626 1499 Epod.
652 1425 729 1483 xvi.
756 1429 811 1495 59,
842 1445 922 1501 unos
954 1427 1041 1485 locos
1071 1425 1176 1486 allulit
1199 1426 1292 1485 Lelm-

133 1526 204 1583 sius
229 1541 257 1598 p.
282 1525 399 1595 LXXV,
425 1534 456 1586 et
481 1527 553 1586 Sen.
578 1529 638 1604 Ag.
665 1530 739 1587 1l3:
765 1528 987 1604 „Quoeurupre
1011 1545 1060 1588 me
1085 1508 1185 1588 ira-
1201 1529 1292 1596 ieret,

130 1628 214 1686 Huc
238 1627 284 1686 ire
309 1639 473 1705 per·gam.“

682 1816 747 1910 xl.

226 1989 285 2058 Qui
316 1989 356 2048 ad
387 1997 565 2051 nocturnum
596 1991 764 2058 ambitum,
798 1997 832 2049 ul.
862 1990 906 2048 ait
934 1990 1126 2049 Claudianus
1152 1989 1169 2045 l.
1196 2002 1292 2060 supra

135 2093 186 2150 lll.
211 2093 275 2166 p.8
300 2092 339 2160 d.‚
364 2098 485 2165 spectat
510 2110 621 2152 versus
647 2093 695 2151 lli.
721 2094 771 2162 26,
795 2096 829 2152 6:

558 2213 644 2282 Hic,
668 2214 732 2272 bic
758 2213 854 2293 panlte
877 2212 972 2275 lnelrla

433 2317 604 2377 Funalia
627 2323 664 2375 et
689 2325 830 2377 vectes
854 2324 892 2376 et
915 2336 999 2379 araus

475 2421 691 2496 oppositis
716 2421 873 2480 loribus
897 2421 1093 2486 minacem

133 2554 207 2597 eum
232 2539 346 2616 insigni
370 2539 560 2599 documento
586 2542 754 2610 babemus,
784 2541 941 2615 quamsit
966 2545 1072 2598 rectae
1097 2537 1287 2596 eruditionis

131 2641 295 2700 studiosus
311 2643 473 2702 Lehrsius.
512 2641 582 2711 Qui,
607 2662 701 2716 uurun
725 2645 828 2704 lecum
851 2644 914 2714 sic,
938 2651 1083 2717 utsupra
1102 2641 1286 2715 positusle-

126 2744 231 2819 gitur,
256 2745 406 2820 scriplum
430 2745 511 2804 vitio
534 2745 680 2805 affectum
705 2763 777 2806 esse
801 2746 982 2818 Bentlejus,
1010 2748 1048 2806 ab
1072 2745 1196 2804 Horatii
1220 2750 1287 2803 arte

124 2847 319 2922 longissime
350 2848 524 2907 abhorrere
547 2850 788 2924 Peerlkampius
818 2852 1013 2917 censuisset,
1044 2865 1174 2923 quorum
1206 2847 1286 2905 viro-

124 2966 196 3007 rum
221 2951 421 3026 praescripta
444 2951 632 3010 auctoritate
662 2970 752 3011 suum
784 2953 948 3012 arbitrium
978 2957 1155 3022 temperare
1180 2964 1216 3006 ac
1240 2962 1285 3004 re-

127 3067 207 3126 gere
230 3054 414 3122 consuevit,
451 3069 559 3112 eorum
591 3070 630 3113 ne
658 3056 825 3115 levissima
855 3055 982 3128 uiridem
1013 3053 1175 3111 mentione
1205 3049 1288 3108 saeta

129 3154 178 3211 sic
208 3171 330 3214 amnem
355 3156 528 3230 quaerendi
561 3164 591 3216 et
616 3158 742 3234 singula
766 3158 897 3218 eruendi
921 3158 1061 3216 laborem
1085 3152 1285 3228 subterfugit,

125 3262 161 3313 ut
192 3258 375 3317 universum
404 3277 528 3319 carmen
562 3275 619 3332 pro
645 3276 719 3319 vero
744 3267 840 3334 atque
870 3261 1052 3332 incorrupto
1076 3256 1208 3316 haberet
1232 3255 1284 3313 de·

126 3360 351 3436 scriberetque
381 3380 410 3437 p.
438 3364 506 3424 104.
565 3361 654 3431 Quod
692 3364 817 3437 (pridem
857 3377 980 3422 cannen
1018 3359 1194 3419 laciendum
1223 3358 1285 3429 jam

127 3465 254 3523 tandein
279 3471 326 3523 est
349 3472 382 3524 ut
408 3467 594 3538 planissime
618 3466 815 3542 intelligatur
834 3481 891 3539 per
906 3465 1103 3524 librariorum
1120 3463 1284 3522 levitatem

126 3575 157 3626 et
181 3566 383 3629 inscientiam
407 3569 491 3628 omni
515 3569 666 3628 vitiorum
688 3584 808 3645 genere
832 3585 904 3628 esse
929 3569 1019 3642 quasi
1045 3570 1198 3628 obrutum.

214 3669 251 3729 Et
276 3670 408 3743 prinlum
438 3672 566 3748 quidem
595 3672 737 3732 lueida
766 3672 885 3732 funalia
916 3678 949 3731 ut
982 3672 1157 3749 improbata
1180 3669 1283 3728 Peerl·

122 3772 256 3844 karnpio
282 3772 326 3832 ita
344 3773 538 3834 allleineliio
565 3784 595 3835 et
612 3775 748 3849 Hauplio
774 3782 897 3835 retenta
923 3771 1066 3852 (propter
1082 3772 1155 3833 Silii
1178 3784 1282 3828 exem-

123 3875 230 3949 plum,
260 3876 288 3934 si
319 3877 395 3951 quid
424 3883 511 3936 recte
535 3879 699 3953 suspicor,
722 3879 771 3938 Vl.
797 3882 873 3939 aar:
905 3884 1075 3939 nocturnus
1100 3878 1212 3939 honos,
1236 3871 1282 3928 fu-

121 3977 213 4036 nalia
236 3978 387 4061 clara“)
413 3981 485 4056 quis
508 3983 617 4041 tulerit
640 3989 766 4056 praeter
790 3984 884 4042 istum
908 3983 1131 4054 interpretem,
1161 3971 1214 4048 qui
1237 3973 1281 4031 lu-

122 4080 212 4140 nalia
236 4081 280 4141 ita
305 4099 376 4142 esse
401 4083 523 4153 lucida,
552 4088 578 4144 si
603 4086 828 4156 accendantur,
853 4085 1092 4162 nuperdocere
1118 4079 1288 4153 ingressus

124 4182 199 4243 est?
238 4185 297 4254 Qui
321 4187 405 4246 idem
424 4189 497 4247 voci
518 4205 633 4248 arcus
660 4189 691 4248 id
710 4190 935 4265 patrecinium,
962 4183 1045 4259 quod
1065 4181 1287 4256 exqrrisiverap

122 4290 348 4362 graunnalieus
373 4290 442 4349 ced.
466 4291 595 4368 Regin,
625 4291 749 4351 sortiter
773 4288 954 4364 praetexuit
977 4287 1122 4347 nimirum
1146 4294 1177 4345 et
1209 4300 1287 4347 eamr
