2806 4866
632 315 675 388 53

67 487 186 550 husius
211 505 240 563 p.
258 487 316 555 02,
342 491 373 546 et
396 486 517 548 Horatii
540 507 570 546 v.
598 490 712 550 1-12
736 491 875 568 vestigia
898 503 1065 568 sequutum
1088 470 1226 560 Guntbe·

64 611 136 654 rum
159 590 265 668 Ligur.
286 589 307 648 l.
333 591 393 650 011
417 591 498 652 baec
520 593 709 669 scripsisse:
733 594 865 672 Regia
887 595 934 656 sic
958 600 1141 661 volucris
1164 603 1224 680 pri-

61 713 133 757 mas
157 700 192 754 ut
215 708 407 753 crescere
430 694 553 770 plumas
577 696 716 756 Artubns
739 703 771 756 et
794 704 923 759 teneros
943 699 1113 762 durescere
1136 720 1224 766 sen-

64 798 174 861 serit
204 813 377 873 ungues,
408 795 545 858 Naturae
574 800 814 870 sectaturum,
843 799 1034 878 jamjamque
1061 812 1224 880 parentum

66 901 224 964 Ollicio
249 899 476 961 contemnit
502 900 558 961 ali
582 901 763 977 nidoque
786 904 899 964 relicto
921 905 1090 983 Egreditur
1113 925 1224 984 parvo-

16 1003 20 1010 ’
63 1022 130 1082 que
154 1002 254 1081 pudet
275 1001 409 1062 latuisse
433 1002 547 1063 cubili:
586 1001 668 1065 Mox
685 1006 815 1066 'conlisa
837 1006 900 1066 sibi
924 1023 1038 1068 securo
1068 1014 1135 1069 tuta
1157 1027 1224 1070 vo-

59 1111 155 1170 latu
178 1110 241 1167 Aut
263 1106 405 1192 leporem
429 1112 563 1166 venatur
585 1107 671 1184 agris
692 1114 746 1169 aut
760 1110 893 1169 aethere
907 1127 1038 1187 cycnum
1054 1111 1224 1186 Corripit.“

58 1212 231 1274 Gunthero
261 1206 418 1285 subjungo
449 1208 649 1270 Sarbieviurn
673 1211 708 1270 ll.
741 1211 781 1270 20
814 1213 913 1288 ρ.12.
972 1213 1081 1284 Qualis
1104 1214 1158 1273 ubi
1183 1248 1223 1258 -

59 1313 181 1376 Audax
198 1311 298 1372 hiulci
315 1309 501 1370 fulminis
518 1313 813 1372 satellesVere
833 1333 935 1375 novo
958 1317 1222 1392 tenerasriqui-

57 1414 232 1479 lon'ibus
257 1413 472 1490 experitur
494 1414 583 1474 alas
606 1416 783 1490 Terrosque
814 1417 916 1476 nescit
940 1417 1222 1493 immemorque

58 1521 150 1583 nidi
174 1517 288 1595 Magna
306 1516 407 1592 patris
430 1515 546 1592 relegit
571 1517 741 1594 vestigia.“

583 1735 707 1832 llllll.

152 1930 260 2006 Meque
291 1928 355 1989 ulia
385 1925 438 1987 nia
461 1924 624 2003 perveniri
648 1925 773 1986 videtur
803 1943 900 2003 posse
930 1929 969 1988 ad
992 1928 1221 1987 restituendum

66 2035 175 2094 locum
195 2029 414 2108 perdifficilem
438 2030 472 2088 ll.
497 2030 549 2098 20,
573 2028 592 2088 0
617 2045 679 2102 sq:

657 2129 735 2191 Non
759 2146 833 2209 ego
859 2149 1079 2210 pauperum

194 2234 368 2312 Sanguis
392 2238 621 2308 pareutum,
646 2251 720 2293 non
745 2250 839 2312 ego,
864 2253 977 2312 quern
999 2254 1093 2312 rocas,

180 2366 186 2379 ι
255 2335 421 2398 Dilecto
444 2333 672 2405 Maecenas,
697 2337 830 2397 obibo.

55 2445 108 2506 De
142 2459 206 2516 quo
236 2439 365 2498 multum
400 2444 431 2497 et
464 2435 551 2496 varie
587 2442 636 2496 est
667 2437 855 2512 quaesitum.
913 2440 1053 2514 Namque
1083 2447 1115 2498 et
1145 2441 1221 2513 qnid

61 2543 226 2623 significet
248 2543 377 2602 verbum
402 2518 542 2610 doces,
567 2540 736 2617 ambigitur
759 2557 828 2600 cnm
850 2542 889 2602 ab
913 2541 986 2603 aliis
1002 2549 1066 2602 tum
1082 2559 1101 2602 e
1116 2542 1220 2601 Peerl-

62 2648 210 2723 lampio,
236 2647 290 2723 qui
314 2646 380 2705 vult
403 2647 484 2706 hanc
508 2645 616 2704 inesse
639 2645 844 2706 sententiam:
867 2646 971 2708 Audio
994 2662 1106 2708 vocem
1125 2654 1220 2716 tuam,

59 2751 183 2812 dilecte
206 2751 384 2810 Maecenas.
419 2747 469 2806 Me
495 2764 597 2807 vocas.
618 2746 752 2808 Veniam
762 2758 792 2818 “,
817 2755 848 2808 et
872 2749 1069 2822 conjecturas
1093 2749 1219 2826 pericli-

56 2854 120 2915 tati
144 2860 217 2912 sunt
231 2885 272 2895 --
286 2857 321 2911 ut
344 2851 487 2911 omittam
516 2850 623 2909 leveri
646 2853 760 2910 Lucan.
777 2851 799 2910 l.
818 2852 874 2912 331
902 2870 932 2928 p.
948 2854 987 2912 80
1012 2859 1220 2912 commentum

56 2956 103 3004 -'-
128 2953 298 3016 Nodelius:
323 2969 416 3029 quem
435 2938 573 3021 loves,
596 2952 756 3028 Bergkius
778 2953 856 3012 Mus.
873 2952 974 3012 Rben.
992 2953 1069 3011 Xlll.
1100 2970 1128 3026 p.
1142 2954 1219 3011 605:

57 3060 129 3121 cui
147 3074 283 3126 vacas,
307 3055 479 3129 llauptius:
503 3069 596 3129 quem
621 3061 782 3124 vocant,
808 3053 983 3129 Seyffertus
999 3052 1220 3129 apMuetzell.

58 3165 147 3224 Actt.
166 3159 206 3220 ad
218 3176 360 3237 gymnas.
384 3158 499 3233 pertin.
518 3157 598 3217 1802
622 3175 651 3233 p.
667 3158 729 3218 220
753 3176 817 3233 sq.:
842 3173 936 3233 quem
959 3157 1099 3216 colas“
1123 3155 1219 3215 idem-

58 3281 128 3342 que
152 3267 272 3323 mutata
292 3261 355 3334 jam
378 3261 555 3330 sententia,
586 3269 620 3319 ut
644 3260 716 3336 ipse
739 3277 798 3337 per
820 3261 990 3337 epistolam
1009 3274 1119 3335 nuper
1141 3261 1220 3320 milri

58 3366 236 3434 indicavit,
260 3366 391 3425 alteram
406 3366 502 3425 banc:
527 3377 621 3438 quem
638 3346 759 3422 ‘vetas
783 3363 803 3421 i.
820 3379 847 3420 e.
870 3369 960 3422 vetas
974 3362 1071 3431 mori,
1096 3364 1221 3437 qualern

59 3468 224 3545 syllepsin
247 3468 334 3528 cerni
358 3466 480 3528 addidit
503 3466 536 3525 in
558 3465 613 3539 Ep.
630 3465 651 3523 Ι.
676 3465 706 3535 2,
723 3466 777 3524 31;
808 3465 837 3524 si
860 3465 953 3524 noles
977 3482 1090 3536 senus,
1115 3481 1220 3526 curres

58 3570 292 3647 hydropicus.“
322 3568 458 3646 Madvig.
482 3569 512 3644 ξ.
528 3568 598 3627 418.
622 3574 686 3627 not.
705 3569 734 3626 2.
767 3567 960 3643 Desperevit
979 3583 1044 3627 rem
1058 3569 1222 3636 Lehrsius,

61 3675 119 3751 qui
144 3688 268 3732 carmen
293 3673 414 3748 quippe
436 3687 493 3748 per
517 3671 623 3731 omnia
646 3670 789 3747 ineptum
811 3672 850 3731 ab
873 3670 1004 3744 Horatio
1027 3669 1221 3743 abjudicavit

60 3797 93 3854 p.
118 3775 172 3835 XC
195 3790 241 3849 sq.
294 3773 327 3833 ln
357 3775 421 3835 alia
453 3772 559 3834 omnia
587 3773 815 3833 discedendum
843 3773 978 3833 videtur.
1033 3772 1086 3833 Sic
1116 3778 1222 3831 autern

63 3879 232 3940 existimo:
263 3877 531 3952 comparationem
563 3893 676 3936 versus
701 3874 785 3947 ejus,
816 3875 871 3952 qui
902 3882 987 3937 extat
1011 3877 1107 3934 Carnu.
1131 3873 1166 3930 11.
1192 3872 1221 3940 4,

66 3983 122 4042 18:
152 3999 216 4041 non
239 3981 324 4041 illarn
348 3980 407 4040 tibi
432 3980 477 4038 de
501 3979 641 4039 scelesta
664 3979 788 4039 Plebe
810 3979 1049 4045 dilectanr“‚
1081 3991 1220 4050 agram-

63 4083 180 4146 rnatico
212 4084 283 4145 sive
314 4083 458 4144 studioso
483 4083 634 4157 quodam,
663 4088 698 4142 ut
721 4082 766 4143 ait
789 4081 821 4141 in
845 4082 894 4141 lll.
919 4080 970 4148 20,
996 4079 1010 4137 1
1047 4073 1221 4146 ueneratus,

65 4188 180 4248 laetam
210 4202 250 4247 eo
280 4187 439 4256 valuisse,
474 4192 508 4244 ut
539 4184 695 4246 dilecte
730 4187 838 4253 fieret,
875 4180 959 4256 quod
996 4178 1097 4237 tuerat
1126 4175 1222 4260 (que

66 4287 209 4373 vocas)
232 4289 278 4349 de
302 4289 438 4365 plebe:
