2806 4866
647 334 714 408 tat

115 511 163 593 μὲν
181 503 231 583 asir
250 500 400 590 πρόσθεν
420 501 610 587 θάλασσαν,
633 507 809 592 σκιρτῶντα
832 507 867 570 δὲ
884 499 956 570 ἄντί
971 508 1030 589 μὲν
1052 510 1258 594 δελφίνων

114 607 211 695 νεβρόν
240 618 272 671 et
298 610 402 672 Nonni
423 610 473 671 vt.
497 611 577 674 257:
615 604 759 694 Ὗφῶθν
786 612 822 675 δὲ
850 607 1005 676 θάλασσα
1035 617 1090 676 τοί
1111 612 1158 690 τίς
1178 609 1258 699 ὅρος

112 709 203 799 ὖοὸθι
224 708 346 796 λόχμης
366 715 403 776 Ν
408 713 566 794 apsidas
592 710 744 796 γεγάασιν
765 709 975 799 ’operariae
997 748 1038 759 -
1066 716 1131 778 aaa
1153 716 1257 792 ξυνοίς

106 797 265 902 ῥοθίοισιν
286 805 495 898 ὄροσσιχῦτον
517 824 662 900 νιφετοίο
685 810 788 902 &ipsc
809 813 1029 880 ἐναυτίλλοντο
1055 812 1113 883 σὺν
1135 814 1147 879 ί
1153 814 1258 902 xat-

107 942 167 985 σιν
185 920 225 980 oi.
248 917 348 980 Rufio.
370 916 476 996 Epigr.
500 918 576 978 XIV.
601 923 634 981 b:
670 913 838 1002 Βοστνξσοι
866 919 1014 1002 ιλιλφίνοις
1042 910 1256 1005 hieropo-

107 1010 484 1105 νόρηςἝρῦμονθος
506 1022 571 1087 Καὶ
592 1018 712 1085 πολιὸν
733 1017 855 1085 πόντον
877 1024 980 1104 stipo
1001 1018 1087 1096 θοὰς
1108 1017 1256 1107 λλιίφοος.

107 1124 302 1188 claudian.
326 1122 416 1185 Proh.
438 1129 472 1182 et
495 1124 601 1199 Olybr.
628 1124 703 1186 tet:
739 1129 822 1186 Ante
853 1125 968 1187 dabunt
992 1126 1117 1186 hiemes
1140 1126 1255 1196 Nilum,

106 1245 157 1307 per
175 1225 348 1288 ilumina
370 1225 507 1299 damae
537 1225 717 1289 Errabant“
749 1225 858 1310 (quem
883 1228 1011 1304 quidem
1034 1229 1138 1290 locum
1159 1229 1254 1290 Lehr-

107 1331 167 1391 aius
187 1347 219 1408 p.
234 1325 333 1388 lllllll
354 1327 415 1389 hao
428 1326 610 1406 corrigendi
627 1329 765 1391 ratione:
789 1330 904 1391 dabunt
926 1330 1052 1391 hiemes
1074 1330 1254 1392 violam‘·

105 1432 237 1511 graviter
260 1430 401 1506 eorrupit
423 1429 480 1490 ille
503 1417 632 1506 quidem
651 1431 844 1493 novitiorum
858 1438 1022 1508 poetarum
1036 1432 1146 1494 verius
1162 1450 1254 1510 quam

105 1531 240 1596 ιοιοιιιιιι1
267 1548 388 1593 ιιιοιοιιι
421 1532 598 1594 aemulatus
632 1539 729 1610 atque
758 1541 792 1595 nt
823 1534 959 1596 tortasse
990 1535 1153 1611 Calpurnii
1189 1535 1254 1596 liol.

105 1634 175 1697 llll
197 1636 237 1697 te
268 1650 406 1704 mernor,
437 1635 482 1696 ita
509 1636 596 1696 nulla
619 1636 755 1698 imbutus
784 1636 970 1715 cognitione
991 1637 1130 1698 Licentii
1153 1638 1253 1698 Carm.
1368 1672 1377 1677 -

108 1737 315 1816 adhugustin.
334 1737 408 1799 100:
432 1737 643 1799 Antedabunt
658 1738 805 1799 imbres
822 1737 970 1809 Nilum,
986 1755 1082 1816 super
1104 1755 1253 1816 aequo·

109 1860 144 1904 ra
170 1841 309 1901 damae
338 1838 576 1910 Errabant“,
610 1839 651 1900 tle
682 1855 745 1914 quo
776 1839 894 1903 dietum
924 1847 974 1900 est
996 1841 1086 1918 Valg.
1111 1859 1140 1918 p.
1166 1839 1253 1926 tat).

106 1944 205 2020 ltaque
228 1940 363 2019 primum
385 1941 465 2002 satis
488 1940 653 2018 apparuit,
681 1939 796 2017 quibus
825 1944 930 2002 rerum
953 1942 1111 2018 exemplis
1134 1949 1252 2019 poetae

105 2038 250 2211 *trinceps
279 2044 331 2106 usi
360 2044 424 2105 sint
455 2051 613 2120 tamquam
641 2041 859 2104 translatitiis.
914 2042 1040 2106 Deinde
1068 2058 1145 2105 vero
1174 2044 1254 2106 illud
1381 2071 1385 2078 ·

124 2147 188 2209 obis
212 2146 384 2224 permirum
406 2146 537 2208 accidit:
568 2162 663 2222 quem
685 2152 846 2207 auctorem
871 2161 1018 2207 versuum
1039 2145 1252 2209 insiticiorum

109 2250 159 2311 sibi
181 2251 277 2311 homo
307 2248 512 2322 doctissimus
540 2248 649 2318 finxit,
679 2265 750 2309 eum
779 2267 842 2310 non
871 2248 933 2309 hoo
956 2251 1122 2326 verborum
1151 2265 1253 2328 genus

108 2353 252 2429 probasse
275 2356 309 2410 at
325 2350 525 2423 adscivisse,
557 2350 643 2426 quod
665 2357 697 2410 et
718 2348 940 2428 grammaticos
963 2352 1034 2412 veri
1063 2353 1253 2428 expulsores

107 2459 236 2516 emtatos
266 2469 340 2513 esse
370 2458 495 2513 constat
525 2459 556 2513 et
587 2453 685 2529 probe
715 2466 812 2513 nosse
842 2450 946 2528 ipsum
976 2467 1048 2512 eum
1077 2452 1253 2522 videamus,
1297 2523 1303 2539 ⁵

107 2557 151 2633 pai
173 2556 307 2618 Horatio
330 2555 497 2632 pristinum
529 2555 627 2616 decus
657 2543 841 2617 restituisse
871 2554 935 2617 sihi
963 2556 1091 2618 videtur
1120 2556 1200 2617 haec
1219 2557 1252 2617 iu

105 2659 198 2821 {rimo
235 2659 316 2720 libro
346 2664 560 2720 commentus:
581 2659 780 2736 templaque
815 2661 979 2730 castet,
1004 2661 1053 2720 16.
1098 2661 1188 2723 luoe
1210 2692 1252 2705 -

120 2778 246 2822 umeros
269 2760 402 2823 amictus
427 2761 476 2822 at.
522 2778 621 2823 arva
643 2767 791 2840 negata
816 2763 865 2824 52.
911 2763 1017 2825 Venus
1041 2763 1147 2824 lavis
1168 2765 1198 2835 1,
1224 2767 1251 2827 t.

105 2870 227 2926 manet
251 2882 315 2926 nox
329 2864 377 2924 16.
411 2881 470 2924 nos
493 2861 586 2924 decet
607 2863 776 2925 Euhium
799 2865 964 2940 plectro
988 2864 1129 2925 ludere
1152 2865 1252 2928 Teio

105 2966 197 3055 6,.16.
232 2966 327 3027 divo
351 2964 432 3026 duee
455 2967 486 3035 λ,
509 2966 559 3026 at.
593 2965 743 3027 utilius
769 2965 871 3035 11,3.
906 2967 1252 3041 quaerere-publiea
1374 2962 1381 2972 ”

109 3068 148 3140 tt,
171 3071 218 3132 12.
271 3083 486 3147 amoenum
508 3083 633 3129 carmen
663 3069 713 3137 32,
749 3069 786 3137 3,
824 3066 883 3127 sed
915 3081 1011 3127 voces
1040 3064 1073 3127 in
1104 3073 1251 3144 promptu

107 3168 213 3231 habere
236 3169 368 3232 minime
392 3170 504 3232 obvias
528 3176 560 3230 et
583 3169 778 3232 illaboratus.
830 3169 878 3232 lix
900 3186 963 3247 quo
995 3167 1080 3230 euim
1104 3171 1250 3245 exemplo

112 3270 221 3334 loetum
260 3272 403 3335 dicemus
435 3288 509 3332 esse
546 3272 626 3333 illud
654 3270 935 3348 superjectum
964 3269 1110 3348 aequori
1162 3273 1252 3346 Quod

113 3388 188 3447 tuum
214 3377 248 3435 V.
266 3377 305 3438 D.
336 3394 386 3453 ap.
410 3377 557 3437 Leutsoh.
587 3375 650 3436 lud.
680 3375 793 3437 Philol.
815 3374 851 3435 ll.
877 3377 895 3436 3
926 3377 1033 3450 pibo
1065 3392 1168 3453 nuper
1198 3394 1251 3437 vo-

113 3471 190 3539 luerit
219 3477 361 3556 intelligi
389 3495 512 3553 aequor
540 3479 644 3539 ulmo
676 3477 958 3554 superjectum
988 3474 1067 3559 (quo
1097 3494 1251 3541 concesso

116 3580 254 3650 quomodo
276 3579 340 3653 jam
363 3581 486 3642 senties
509 3581 550 3641 de
573 3579 713 3655 piscibus
735 3582 766 3641 iu
789 3581 875 3641 ulmo
891 3579 963 3656 ipsa
977 3581 1125 3642 fluetibus
1140 3585 1253 3644 obruta

115 3674 362 3767 haerentibus‘l),
399 3683 471 3760 ipse
508 3684 646 3744 fortasse
664 3706 668 3712 ·
684 3682 779 3757 paulo
810 3682 929 3743 rectius
965 3682 1158 3759 interpretor
1187 3684 1276 3745 diei·

117 3794 198 3856 mara,
227 3794 261 3846 ut
291 3784 436 3847 Sallustii
460 3787 566 3846 verbis
595 3785 674 3846 illst.
692 3784 741 3846 tlt.
765 3801 795 3859 p.
813 3787 873 3847 966
902 3792 990 3858 utar,
1021 3787 1251 3848 immensum

117 3893 255 3947 tuntum
277 3871 376 3948 fretus
401 3888 558 3964 exemplis
580 3887 743 3964 Calpurnii
765 3887 828 3951 Eel.
842 3887 892 3948 IV.
913 3889 988 3949 103:
1024 3887 1188 3964 Adspicis
1218 3893 1253 3947 ut
1278 3886 1280 3889 ’

117 3982 225 4050 teneros
248 3990 371 4051 subitus
393 3989 486 4068 vigor
509 3989 628 4051 excitat
651 4007 751 4068 agnos
773 3991 879 4068 thue
907 3977 1125 4068 superfuso
1149 3990 1251 4067 magis

118 4084 196 4151 lbera
215 4093 296 4154 laete
318 4078 543 4170 graventur·‘l“
568 4100 600 4153 et
623 4095 781 4155 Ammiani
804 4095 904 4174 blare..
919 4091 1011 4152 XXll.
1027 4093 1076 4162 16,
1090 4094 1123 4152 i:
1150 4091 1252 4152 Etesi-

120 4197 188 4248 tttmr
213 4193 371 4256 continuis
400 4194 527 4256 flatibus
557 4195 789 4272 repellentibus
821 4192 889 4264 ejus
917 4197 1055 4252 meatum
1078 4191 1251 4253 velocitate

122 4284 238 4357 cohibita
274 4279 517 4375 superfusis
553 4297 755 4357 lluotibus
789 4292 1000 4356 intumescit·‘
1036 4290 1104 4375 (eui
1133 4293 1253 4360 similia
