2806 4866
675 386 740 460 155

125 567 256 645 ingenio
287 565 450 626 Horatium
480 564 620 625 alitem
655 551 714 639 pro
746 582 871 642 cycno
908 567 1117 628 nominando·
1136 569 1287 645 maluisse

123 669 299 747 generatim
323 674 418 743 atque
440 667 593 728 universe
617 667 724 742 loqui,
749 668 997 746 quamproprie
1020 686 1181 746 vereque:
1206 673 1286 749 quod

124 773 179 850 qui
202 779 289 833 recte
311 776 407 847 atque
431 770 544 831 ordine
565 770 681 831 factum
706 786 778 831 esse
802 771 983 843 existimet,
1008 790 1088 834 sane
1110 776 1283 848 periculum

125 882 173 937 est
197 892 237 937 ue
261 874 344 935 idem
369 872 530 950 Calpurnii
554 888 687 933 versum
703 873 768 934 Ecl.
787 873 834 933 Vl.
851 876 886 934 u:
918 873 966 934 sic
989 877 1099 938 vincat
1119 879 1284 940 acanthida

124 981 294 1042 cornix“
320 976 551 1053 elegantiorem
573 981 664 1052 putet
687 975 758 1036 fieri
782 978 844 1037 hoo
868 977 978 1038 modo:
1009 979 1058 1039 sic
1082 981 1172 1040 ales
1195 997 1282 1041 acan-

123 1083 213 1144 thida
236 1083 373 1142 vincat.“
409 1080 441 1140 lu
467 1096 529 1155 qua
552 1096 666 1141 caussa
686 1077 856 1150 judicanda
879 1097 971 1157 quam
995 1081 1114 1142 leviter
1138 1084 1279 1160 plerique

123 1186 242 1246 versati
267 1184 346 1253 sint,
370 1181 491 1258 insigni
514 1180 705 1242 documento
731 1187 779 1243 est
801 1181 1090 1255 Mitscherlichius,
1115 1185 1171 1261 qui
1192 1185 1278 1246 valde

123 1292 185 1350 hoc
208 1287 366 1348 affirmans
397 1284 502 1358 p.18:
538 1283 641 1354 „Nam
673 1291 705 1345 et
736 1302 887 1361 cycnus
917 1293 949 1348 at
980 1303 1037 1362 pro
1070 1304 1170 1364 cycno
1199 1291 1274 1350 ales

124 1389 279 1452 solemnia
303 1392 375 1447 sunt
397 1387 437 1446 de
462 1387 585 1463 poetis,
616 1392 650 1446 ut
673 1386 723 1445 IV.
739 1388 768 1458 2,
785 1389 835 1450 25.
865 1389 901 1448 11.
918 1391 969 1459 20,
988 1392 1054 1450 1611
1084 1408 1148 1452 non
1177 1393 1273 1452 hercle

53 1534 57 1541 ·
122 1491 264 1569 dispexit
288 1496 437 1567 quantum
461 1491 499 1550 ab
523 1490 628 1550 alite
651 1490 785 1550 distaret
809 1491 924 1550 albus
946 1492 1034 1553 ales
1059 1509 1269 1555 commemora-

122 1605 173 1658 tus
197 1594 345 1657 carminis
362 1593 397 1653 11.
413 1593 453 1652 20
479 1608 574 1652 versu
600 1595 656 1662 10,
688 1610 859 1653 canorus
883 1595 950 1654 ales
973 1600 1052 1660 v.15
1076 1594 1161 1680 (add.
1177 1597 1269 1659 Sidon.

34 1722 38 1727 ·
121 1700 261 1778 Apollin.
284 1697 339 1773 llp.
364 1702 396 1756 et
420 1697 519 1756 Carm.
544 1696 575 1755 ll.
600 1695 630 1756 in
656 1701 798 1757 extrema
819 1696 880 1756 hac
903 1686 1094 1772 quaestione
1121 1699 1175 1784 11.).
1266 1698 1269 1702 ’

208 1802 318 1876 Neque
341 1801 439 1870 haec,
463 1813 546 1875 quae
568 1799 632 1873 ipsi
655 1799 865 1876 argumentati
889 1817 1018 1871 sumus,
1040 1820 1104 1862 non
1121 1805 1267 1880 explorata
1296 1796 1308 1879 j

122 1925 158 1970 ac
182 1908 352 1982 perspecta
373 1902 498 1963 tuamnt
521 1901 685 1961 veteribus
708 1899 936 1976 grammaticis:
960 1903 1058 1981 longe
1082 1905 1177 1967 aliam
1197 1906 1267 1967 enin

123 2007 354 2084 interpretandi
386 2006 470 2065 viam
501 2004 639 2081 ingressi
671 2009 742 2063 sunt
765 2005 867 2066 Acron
899 2025 925 2082 p.
943 2009 994 2078 24,
1011 2010 1068 2069 21:
1104 2009 1267 2093 Maeonii

123 2110 326 2173 carminis.
373 2107 534 2168 Homerici
565 2106 596 2166 id
627 2111 677 2166 est
708 2107 764 2167 tali
788 2109 927 2170 carmine
958 2110 1111 2175 scriberis
1135 2113 1267 2180 avano,

123 2212 210 2289 quali
233 2229 310 2272 usus
335 2215 383 2269 est
406 2209 568 2269 Homerus.
616 2207 726 2268 Alite
749 2209 894 2285 auspicio
920 2211 990 2272 sive
1013 2214 1097 2274 bono
1123 2214 1267 2275 omiue“

123 2317 299 2399 (postrema
322 2315 405 2376 enim
428 2314 509 2373 haec
529 2330 592 2373 vox
618 2310 799 2382 adjicienda
819 2313 879 2373 fuit
895 2317 1013 2377 omissa
1029 2318 1069 2377 ab
1085 2314 1266 2396 Hauthalio).

122 2420 320 2497 Porphyrion
351 2419 446 2494 pit,
473 2417 525 2477 la:
568 2415 749 2476 Maeonii
787 2416 979 2476 carminis
1016 2419 1131 2480 alite.
1183 2419 1219 2480 Ut
1246 2417 1267 2478 si

123 2523 262 2583 diceret:
298 2506 479 2580 Homericis
512 2516 668 2593 auspiciis
699 2533 735 2578 ac
767 2532 823 2592 per
850 2503 915 2578 hoc
945 2518 1115 2583 Homerica
1144 2521 1267 2584 sublimi·

122 2632 220 2686 tate.“
245 2642 273 2680 v.
293 2623 329 2682 12
353 2640 383 2696 p.
400 2620 451 2689 21,
469 2620 523 2679 121
552 2621 687 2696 figurate
710 2627 814 2680 autem
840 2627 937 2699 negat
953 2638 989 2682 se
1008 2640 1107 2698 posse
1124 2641 1176 2685 res
1192 2622 1268 2685 helli-

122 2743 175 2787 cas
200 2723 360 2791 scrihere,
384 2738 492 2781 verum
507 2721 634 2780 Varium
658 2721 784 2794 potius,
810 2723 864 2798 qui
888 2723 929 2784 sit
944 2723 1114 2786 Homerico
1137 2728 1267 2803 spiritur*

121 2826 303 2888 Scholiasta
326 2824 419 2899 Cruq.
442 2840 472 2900 p.
490 2823 546 2882 20:
576 2820 716 2884 Maeonii
740 2827 889 2887 carminis
913 2823 1005 2908 alite)
1030 2827 1193 2891 Homerici
1216 2846 1267 2889 oar·

121 2930 216 2992 minis
240 2921 467 2988 sublimitatem
513 2927 673 3002 luterpres
689 2926 801 2988 Graev.
825 2947 854 3005 p.
874 2930 927 2990 15:
951 2931 1098 3006 auspicio
1115 2934 1168 2993 vel
1184 2928 1267 2992 subli-

121 3033 442 3098 mitateHomerica.“
476 3032 588 3108 Neque
612 3032 698 3092 aliud
721 3032 781 3092 11111
802 3031 954 3103 judicium
978 3036 1140 3097 Dominici
1154 3034 1265 3102 Baudii,

122 3139 210 3210 cujus
233 3122 426 3197 mentionem
449 3135 669 3196 inchoavimus
694 3134 820 3205 Quaest.
845 3135 886 3195 de
909 3138 1032 3198 Ansere
1056 3145 1154 3213 poeta
1175 3157 1237 3215 cap.
1249 3133 1264 3192 l·

102 3261 152 3318 ·p.
181 3241 229 3301 11.
271 3237 332 3308 Qui
356 3238 556 3313 posthabito.
581 3254 620 3298 ne
643 3238 751 3313 plures
775 3237 920 3309 afferam,
945 3239 1079 3301 Sidonio
1096 3243 1264 3316 Apollinare

122 3343 220 3403 Carm.
242 3341 291 3401 lll.
316 3341 392 3400 127:
425 3339 494 3400 Non
518 3341 571 3401 hic
593 3341 807 3401 Maeoniae
838 3341 942 3402 stilo
967 3342 1165 3405 Camenae
1193 3340 1263 3402 Civis

83 3522 89 3529 Ι
120 3443 330 3520 Dulichiique
353 3445 563 3520 Thessalique
576 3443 734 3504 Virtutem
758 3443 1015 3521 sapientiamque
1039 3457 1162 3507 narro“
1184 3451 1262 3518 atque

123 3545 297 3608 Claudiano
319 3549 353 3605 L.
377 3544 485 3606 Seren.
512 3548 566 3608 19:
601 3548 691 3607 Anne
721 3546 808 3607 aliud
840 3553 908 3608 toto
932 3548 1060 3609 molitur
1089 3543 1261 3610 carminis

25 3708 27 3713 .
121 3643 414 3712 actuMaeonii
436 3665 524 3709 mens
548 3651 612 3710 alta
635 3647 750 3709 senis“
775 3648 885 3711 maluit
900 3652 980 3711 haec
994 3645 1260 3727 prolerrelarnhl.

119 3775 149 3833 p.
168 3757 226 3816 155
243 3770 306 3829 sq:
345 3747 379 3808 Si
406 3746 478 3812 urea
505 3749 633 3837 bullatis
664 3771 725 3813 non
755 3758 861 3829 turget
890 3754 1007 3831 pagina
1043 3753 1137 3832 nugis
1166 3749 1260 3814 Alite

118 3853 385 3918 Maeoniouec
407 3867 505 3928 grave
527 3853 628 3931 surgit
644 3865 758 3933 opus.“
781 3855 853 3915 Var.
866 3850 971 3916 Poem.
995 3875 1025 3933 p.
1044 3857 1115 3917 531.
1139 3857 1183 3916 Tu
1197 3863 1259 3915 nunc

119 3957 279 4037 ingenii
307 3951 495 4035 praedivitis
525 3952 625 4015 a'lile
655 3966 800 4019 vectus
823 3991 864 4002 —
888 3955 1004 4019 Tendis
1027 3956 1120 4018 iter.⁴‘
1149 3976 1178 4034 p.
1197 3950 1258 4017 all:

120 4060 154 4122 Si
177 4080 239 4122 non
261 4055 477 4124 Pindarico
501 4055 701 4119 devolvimus
720 4057 830 4134 alite
855 4058 1125 4121 carmenVictrici
1140 4056 1258 4120 caninus

118 4178 178 4223 nec
205 4163 274 4223 iera
301 4164 523 4240 bellatubaf‘
557 4179 587 4237 p.
605 4163 680 4223 560:
704 4162 859 4224 Scaevola
883 4159 1116 4233 l’indarico⁸
1132 4155 1257 4221 victrices

119 4261 221 4322 alite
252 4282 374 4343 pugnas
404 4263 568 4340 Felicique
600 4270 690 4324 canet
721 4269 810 4339 parta
841 4268 972 4341 tropaea
993 4274 1116 4325 manu‘⁴
1140 4264 1187 4344 (cl.
1206 4252 1254 4319 ll

119 4383 148 4441 p.
176 4367 229 4425 ll:
253 4382 367 4426 noman
389 4367 519 4443 Ulyssei
543 4401 584 4411 -
608 4365 768 4427 insuetum
791 4383 849 4442 per
871 4364 933 4428 iter
953 4366 1163 4429 Maeonius
1185 4364 1256 4425 lotos
