2806 4866
647 307 713 417 ιιι

602 516 765 612 lxxvt.

191 694 293 756 Verba
318 690 460 763 ejusdem
482 689 631 751 carminis
654 684 697 770 (v.
724 689 773 774 5):

276 795 317 856 Si
339 795 401 876 dglt
422 791 708 855 adamantinos

317 897 484 959 Summis
507 892 662 959 vertlclbm
685 895 774 956 dira
796 893 1039 955 Necessitas

273 1002 421 1062 Claros
917 1067 921 1072 ,

105 1109 137 1170 1ιι
151 1107 313 1169 diversum
329 1105 499 1165 etiamnum
513 1101 655 1162 trabunt:
680 1099 866 1175 quibusdam
883 1099 968 1160 enim
992 1098 1151 1170 „summis
1163 1100 1237 1159 verti·

104 1212 194 1272 cibus
217 1207 250 1268 id
272 1213 322 1266 est
345 1205 504 1281 capitibus
535 1218 594 1262 seu
623 1202 703 1262 viris
734 1203 843 1263 clavos
873 1219 949 1263 suos
979 1202 1176 1264 firmissimos
1195 1200 1237 1261 lle-

105 1311 240 1373 cessitas
270 1307 326 1368 lati
362 1306 520 1383 adigere“
558 1304 702 1375 videtur,
736 1311 771 1364 ut
795 1303 1046 1365 lilitscberlicbio
1081 1305 1238 1380 Bothioque

104 1432 134 1490 p.
151 1412 207 1485 5³3
243 1408 407 1480 Bentlejus
438 1407 552 1469 merito
583 1414 748 1467 aversatus
776 1408 858 1468 hanc
888 1407 1072 1483 explicandi
1106 1407 1238 1468 rationem

106 1521 138 1574 et
154 1512 208 1589 qui
224 1512 368 1588 seqnitur
379 1509 556 1581 Bentlejum
576 1509 736 1571 laudatum
753 1509 850 1571 etiam
865 1509 1122 1586 wyttenbachio,
1146 1509 1238 1571 Artius

105 1615 251 1692 Spurinn.
275 1632 304 1690 p.
320 1615 359 1676 90
383 1615 464 1674 baec
486 1610 703 1688 praecipiunt:
727 1613 857 1673 summis
873 1612 1046 1674 verticibus
1071 1618 1121 1672 est
1135 1611 1238 1674 dativus

106 1719 126 1779 i.
143 1733 171 1778 e.
199 1732 303 1792 usque
333 1714 372 1774 ad
402 1714 506 1791 capita
536 1713 568 1774 id
599 1720 648 1773 est
676 1713 858 1776 firmissime
895 1730 952 1776 eos
983 1716 1186 1794 constringit,
1213 1719 1238 1773 ut

105 1819 246 1897 eliugere
267 1823 472 1893 nequeant“;
507 1815 675 1877 Decierius
706 1821 737 1875 et
759 1815 999 1894 Peerlkampius
1022 1818 1166 1879 villarum
1191 1817 1237 1875 cul-

104 1924 188 1985 mina
211 1921 351 1998 intelligi
373 1920 492 1981 volunt.
544 1919 602 1980 Cui
625 1919 806 1979 sententiae
828 1936 973 1997 magnum
1004 1919 1158 1996 quoddam
1180 1937 1237 1995 pon·

104 2026 162 2087 dus
186 2023 298 2087 alierre
321 2023 461 2083 dicerem
491 2023 544 2081 vel
575 2036 686 2081 rocem
715 2020 891 2081 molibus
924 2039 1019 2097 supra
1040 2021 1236 2094 conjectatum,

105 2130 133 2189 si
155 2145 213 2205 par
236 2141 309 2186 esse
331 2139 460 2199 possem
483 2122 691 2193 dubitationi,
723 2140 816 2198 quam
848 2143 909 2186 nou
933 2131 1049 2186 motam
1073 2144 1092 2187 a
1113 2122 1236 2194 Bentlejo

104 2228 237 2290 necdum
260 2245 279 2287 a
302 2241 459 2301 quoquam
489 2232 667 2301 exemptam
695 2226 792 2285 babet
823 2245 886 2288 vox
916 2228 1086 2296 summis.
1138 2227 1237 2298 Quanta

105 2332 188 2393 enim
211 2328 328 2391 inertia
350 2327 596 2406 significationis
618 2328 754 2406 ignavae
770 2335 866 2405 atque
881 2331 961 2392 adeo
978 2329 1102 2392 inutilis
1123 2331 1152 2391 in
1173 2331 1237 2393 loeo,

105 2435 160 2510 qui
189 2430 357 2492 dissimilis
388 2435 436 2490 est
467 2431 614 2492 Ciceroni
637 2430 728 2490 Bosc.
754 2431 838 2491 Com.
862 2435 897 2493 l:
933 2435 972 2494 ab
1002 2433 1075 2494 imis
1104 2431 1239 2509 unguibus

103 2551 207 2612 usque
229 2533 269 2596 ad
291 2533 488 2593 verticem
511 2541 727 2592 summum“
752 2539 784 2593 et
807 2534 881 2595 aliis
904 2554 953 2612 ap.
977 2536 1079 2597 Burm.
1100 2532 1240 2595 Claudiai.

103 2638 204 2698 liulin.
219 2635 256 2694 Il.
272 2634 312 2694 62
336 2651 366 2709 p.
383 2633 421 2694 71
445 2639 477 2692 et
490 2634 703 2694 Buenemann.
717 2636 856 2696 Lactant.
872 2637 953 2713 Opii.
967 2637 1003 2698 D.
1018 2636 1112 2698 vltv
1136 2655 1163 2713 p.
1178 2633 1240 2695 1160

104 2739 142 2798 cf.
165 2736 237 2797 Seu.
263 2738 371 2812 Agam.
395 2736 473 2795 ott:
513 2736 696 2795 Lumen-
719 2738 843 2798 vertice
881 2755 899 2798 e
929 2756 1049 2800 summo
1087 2739 1242 2801 ederens‘t

104 2837 220 2901 similis
243 2836 412 2924 Symposio
433 2837 579 2914 Aenigm.
602 2836 691 2898 LVII.
708 2840 743 2899 2:
767 2841 883 2901 Clavus
906 2839 1071 2918 caligaris:
1098 2841 1242 2901 Vertice

103 2948 199 3020 tango
223 2935 379 3002 solum“?
425 2926 534 3015 lta'que
558 2953 597 3000 eo
622 2941 729 3016 potius
753 2943 883 3004 inclinat
907 2941 1047 3013 animus,
1072 2950 1106 3003 ut
1130 2940 1242 3003 summis

102 3043 356 3121 porticibus,
379 3059 442 3102 non
465 3041 698 3102 verticibus
730 3045 838 3105 clavos
861 3045 944 3106 fixos
967 3046 1085 3105 narrari
1109 3045 1244 3106 arbitrer:

101 3147 245 3223 porticus
269 3144 353 3203 enim
375 3143 568 3203 mentionem
590 3145 666 3205 lruic
688 3147 759 3207 loco
785 3147 837 3206 vel
859 3147 996 3209 maxime
1015 3155 1245 3209 consentaneam

103 3261 178 3305 esse
201 3250 234 3303 et
256 3242 380 3303 Seneca
402 3241 520 3305 indicat
543 3245 641 3320 Epist.
666 3245 722 3308 89:
751 3264 917 3326 quousque
941 3250 1046 3310 nullus
1076 3251 1139 3311 erit
1162 3252 1245 3316 lacus,

103 3345 155 3405 cui
177 3364 240 3407 non
263 3346 456 3407 villarum
478 3353 653 3409 vestrarum
675 3350 851 3428 fastigia
874 3353 1057 3413 immineant
1067 3350 1111 3412 “l
1137 3361 1168 3414 et
1191 3351 1245 3412 Sta·

100 3447 166 3506 tius
188 3452 322 3508 testatur
342 3447 421 3509 Silv.
438 3450 474 3509 ll.
488 3450 519 3520 ⁶2,
536 3452 576 3511 26
591 3468 654 3527 sq:
683 3451 761 3513 Mira
785 3454 877 3529 quies
901 3455 1009 3532 pelagi
1032 3489 1073 3499 -
1098 3455 1174 3516 lndc
1199 3469 1247 3531 per

103 3547 250 3623 obliquas
273 3549 378 3623 erepit
400 3552 585 3626 porticus
608 3569 709 3624 arces,
733 3553 826 3617 Urbis
845 3566 956 3632 opus.“
991 3556 1246 3628 Quemadmodum

102 3649 201 3727 igitur
236 3648 427 3725 Proserpina
460 3672 576 3717 nomeu
606 3658 745 3718 hominis
779 3658 924 3720 morituri
960 3661 992 3721 in
1022 3667 1144 3736 poste
1175 3658 1245 3737 apud

102 3752 223 3813 interos
238 3756 377 3812 notare“
400 3753 500 3814 lertur
517 3755 684 3836 (Mytbogr.
701 3758 750 3820 lll.
766 3763 795 3830 v,
812 3760 847 3822 11
874 3779 904 3837 p.
918 3739 994 3833 iau,
1009 3749 1037 3822 1.
1062 3762 1168 3823 Barth.
1181 3763 1245 3823 Stat.

102 3855 198 3915 rnen
218 3852 298 3915 vui.
327 3854 364 3914 ro
395 3873 424 3931 p.
449 3853 542 3938 vav),
572 3858 617 3919 ua
646 3859 829 3923 necessitas
857 3850 1015 3939 tamquam
1045 3861 1246 3941 impertisti

102 3957 226 4033 signum
249 3957 357 4018 clavos
387 3956 419 4018 in
450 3959 579 4018 summis
609 3955 783 4036 porticibus
812 3965 924 4027 fixisse
947 3965 1035 4026 credi
1058 3968 1174 4042 potuit.
1215 3964 1245 4026 Et

101 4056 152 4117 his
176 4058 304 4133 quidem
326 4058 467 4121 rationes
497 4061 534 4120 ab
565 4059 638 4120 aliis
669 4070 799 4139 coeptas
826 4067 905 4127 satis
929 4068 1147 4144 explicavisse
1168 4067 1245 4128 vide-

6 4247 9 4252 .
100 4157 220 4228 bimur,
254 4161 283 4220 si
306 4161 384 4222 illud
407 4161 617 4234 adjecerimus
646 4163 740 4224 etiam
770 4166 916 4230 homines
938 4178 1007 4244 τοϊς
1027 4173 1122 4245 θεοῖς
1144 4192 1245 4252 προςη-

100 4257 259 4338 λωμένους
286 4261 350 4323 dici
381 4281 400 4325 a
429 4264 550 4327 loanne
578 4266 739 4342 Chrysost.
773 4271 881 4331 contra
902 4272 970 4332 lud.
994 4291 1024 4349 p.
1043 4274 1111 4334 181.
1147 4271 1244 4335 Mattb.

11 4408 204 4558 A
