2806 4866
622 363 684 435 lta

105 537 199 617 lrtnp.
222 539 242 598 l.
268 537 326 601 tot
352 537 386 596 ll.
414 534 587 620 suprad).
651 535 843 612 Quamquam
882 538 942 598 viri
978 558 1040 600 nou
1074 545 1227 608 nominati

105 638 153 704 iste
179 641 259 703 enim
286 657 356 700 mos
387 638 494 699 aliena
524 638 668 701 doctrina
698 640 881 716 perlruendi
911 647 1067 718 tamquam
1088 644 1173 716 justo
1196 656 1230 710 et

105 745 214 824 gitime
234 743 297 816 iam
321 738 470 825 invaluit)
501 741 657 802 rationem
687 748 815 818 praeter
844 743 926 804 alios
956 761 1057 821 nuper
1086 747 1114 807 is
1145 766 1226 811 com·

105 849 215 925 rotavit
240 842 364 930 (pall),
389 844 443 921 qui
467 844 529 914 „in
551 862 641 905 usum
655 845 844 930 scholarum
855 856 874 882 “
897 845 1019 908 Horatii
1033 849 1176 912 Carmina
1197 860 1228 912 et

105 951 196 1030 podas
222 951 450 1027 interpretatus
475 954 533 1008 ast.

151 1053 218 1114 Sed
246 1057 281 1112 ut
310 1056 398 1112 recte
428 1049 560 1110 ducatur
590 1049 643 1109 hic
674 1051 904 1112 sententiarum
934 1053 1026 1114 ordo:
1061 1054 1227 1131 Scriberis,

105 1158 229 1235 grippa,
252 1152 407 1226 avaria,
445 1157 479 1212 tu
503 1151 587 1212 enim
619 1152 710 1213 fortis
740 1161 773 1214 et
795 1155 935 1215 lrostium
958 1156 1061 1218 victor
1084 1175 1136 1230 es,
1172 1161 1227 1222 ille

105 1259 208 1320 leonii
232 1254 382 1318 carminis
406 1255 520 1315 alcs“:
544 1271 649 1315 nonne
673 1256 774 1318 sentis
794 1256 867 1328 illa,
892 1274 974 1333 quae
999 1259 1030 1320 in
1055 1267 1227 1325 extremam

105 1367 186 1422 rtem
220 1359 339 1432 rejecta
363 1363 451 1418 sunt:
497 1356 622 1427 „Quam
651 1373 718 1418 rem
750 1375 874 1435 cunque
903 1361 992 1423 lerox
1016 1365 1172 1427 -Miles
1195 1376 1228 1429 tc

107 1479 145 1524 ce
175 1462 346 1541 gesserit“
380 1459 443 1532 jam
475 1460 620 1536 longiore
657 1459 827 1523 intervallo
866 1462 1039 1540 dirempta,
1076 1476 1110 1529 ut
1139 1472 1226 1533 nullo

105 1573 161 1628 ,cto
172 1565 343 1627 videantur
358 1569 433 1640 apte
447 1558 646 1624 cohaerere?
664 1581 734 1624 nam
746 1563 840 1635 hujus
853 1566 1032 1629 sententiae
1045 1588 1225 1634 suasorem:

105 1670 182 1730 rrius
213 1666 354 1728 Maeonii
383 1664 531 1727 carminis
561 1671 671 1726 auctor
701 1667 853 1738 exsistet,
888 1685 1096 1748 quaecunque
1117 1690 1169 1735 res
1192 1684 1225 1737 te

105 1787 147 1833 ce
177 1776 326 1849 gestae
356 1773 501 1830 erunt‘⁴
530 1768 602 1843 quis
632 1768 757 1830 tandem
780 1769 913 1832 tulerit?
970 1775 1118 1847 Accedit,
1143 1779 1227 1854 quod
1295 1793 1306 1803 ⁷

105 1891 163 1936 mm
198 1878 313 1950 poetas
348 1889 494 1948 cycnos
529 1878 561 1931 et
593 1872 786 1932 Musarum
820 1889 917 1933 aves
950 1878 1058 1937 vocari
1092 1888 1227 1953 constet,

105 1967 231 2038 urium
258 1973 399 2035 Maeonii
428 1974 622 2035 carminis
653 1974 795 2035 alitem
826 1975 858 2048 id
888 1985 938 2038 est
969 1979 1024 2053 qui
1047 1979 1224 2043 Maeonium

105 2094 227 2141 irmen
253 2078 363 2148 edat,
396 2082 482 2137 recte
507 2082 539 2137 et
561 2077 683 2138 usitate
706 2076 771 2138 dici
794 2079 959 2142 necetius
983 2083 1150 2159 quisquam
1173 2087 1225 2146 ad·

105 2200 131 2242 rc
152 2179 384 2242 demonstravit
407 2195 467 2241 nec
482 2179 627 2258 Scaliger
649 2181 681 2240 ll.
699 2180 748 2241 dd.
772 2188 825 2241 aut
848 2168 1119 2247 Mitscherlichius
1142 2207 1170 2266 p.
1186 2191 1222 2251 81

123 2284 215 2347 Anal.
239 2300 269 2360 p.
285 2284 345 2343 att
377 2288 432 2353 aut
458 2281 607 2343 Florillus
635 2282 654 2340 l.
672 2281 701 2340 d.
731 2289 784 2342 aut
808 2283 995 2345 Welckerus
1018 2287 1095 2362 Syll.
1118 2290 1226 2369 Epigr.

105 2389 113 2447 l
136 2405 167 2465 p.
185 2387 242 2456 52,
272 2402 331 2445 nos
353 2399 564 2460 pernegamus
594 2384 645 2442 vel
670 2382 795 2446 Sidonii
818 2385 1031 2460 Apollinaris,
1062 2407 1124 2465 quo
1148 2393 1229 2457 infra

105 2507 215 2560 emur,
237 2486 341 2549 innixi
364 2487 559 2548 testimoniis
582 2485 790 2562 ducimusque
814 2486 845 2547 in
862 2486 953 2564 pejus
968 2493 1119 2564 notabile,
1143 2498 1226 2570 quod

105 2591 203 2670 :ripsit
227 2589 411 2674 Sarbievius
429 2591 477 2650 lV.
493 2592 532 2650 20
558 2609 585 2666 p.
604 2589 679 2650 173:
711 2587 831 2660 Quodsi
862 2607 1011 2654 canoro
1036 2598 1228 2660 carminis

105 2678 179 2756 lite
207 2694 293 2760 lodis
322 2700 497 2754 morantem
527 2692 616 2754 Musa
646 2693 805 2754 cubilibus
833 2693 984 2759 Hortatur
1014 2700 1105 2760 exire
1127 2707 1160 2762 et
1181 2701 1227 2764 ni-

105 2803 201 2872 rantes
230 2799 316 2857 Luce
346 2812 430 2856 nova
452 2811 601 2872 reparare
629 2802 748 2866 terras,
776 2796 844 2858 Non
875 2803 907 2858 et
929 2801 1077 2879 benignis
1100 2806 1228 2880 raspuis

105 2880 202 2961 uilius
225 2900 347 2959 Aurora
369 2898 467 2960 dici.‘⁴

157 3002 274 3062 Verum
304 3001 401 3061 etiam
430 3000 607 3060 mirabilius
644 2999 791 3075 quiddam
828 2999 1000 3061 machinati
1033 3009 1105 3063 sunt
1140 3005 1227 3067 docti

105 3105 220 3166 omines
244 3118 348 3165 rerum
371 3102 559 3163 difficultate
581 3102 773 3179 praepediti.
822 3099 953 3163 Scilicet
976 3095 1064 3166 hanc
1080 3107 1229 3168 subtilius

105 3207 249 3268 rodarunt
272 3205 397 3266 Horatii
419 3206 627 3266 sententiam:
650 3205 764 3266 Varius
789 3205 876 3267 inter·
894 3207 1006 3282 epicos
1024 3215 1141 3285 poetas
1162 3216 1229 3272 tan-

105 3325 138 3369 m
161 3309 316 3379 excellet,
341 3313 490 3383 quantum
514 3306 598 3368 inter
620 3324 696 3368 aves
720 3314 773 3369 aut
797 3326 950 3384 cycnus
973 3313 1230 3389 autaquila‘a
1278 3360 1280 3364 »
1323 3391 1325 3394 7

105 3412 273 3489 aleturque
302 3417 477 3489 „regnator
507 3410 620 3487 epicae
649 3411 818 3475 cohortis⁴‘
847 3407 1242 3500 (stat.silv.111.t,5):-

105 3512 126 3572 'ro
153 3515 237 3575 enim
267 3518 342 3590 post
371 3513 566 3591 scaligerum
588 3512 688 3589 Epist.
712 3513 795 3584 l.d.,
824 3529 865 3574 ne
891 3529 1004 3574 omnes
1033 3531 1243 3589 recenseam,

105 3615 351 3687 lraeviusSchol.
374 3636 404 3694 p.
421 3617 475 3678 15:
498 3617 554 3678 Est
576 3617 748 3694 hypallage
771 3634 828 3693 pro
853 3615 1029 3678 carmine
1052 3618 1229 3684 Maeonii
1270 3661 1274 3679 ,

108 3717 195 3780 litis
229 3722 259 3780 h.
283 3736 309 3780 e.
343 3720 510 3781 Maeoniae
545 3720 720 3795 aquilae.
781 3720 858 3779 Ales
899 3737 957 3795 pro
991 3723 1132 3797 aquila
1165 3728 1230 3782 aut
1282 3784 1285 3791 ,

107 3805 221 3894 ycno,
244 3828 279 3883 ut
300 3825 394 3884 urbs
425 3840 481 3899 pro
505 3823 620 3892 Roma,
648 3822 760 3881 lenus
783 3838 841 3896 pro
865 3833 982 3898 equo.“
1026 3825 1275 3885 Weichertus‚-

116 3921 140 4004 (l-
162 3943 191 4000 p.
209 3928 248 3988 56
272 3931 336 3986 not.
353 3927 408 3987 ll:
432 3941 537 4000 neque
559 3924 638 3984 tanti
663 3929 712 3984 est
735 3923 879 3984 alitem
902 3925 942 3986 de
961 3908 1103 4001 aquila
1125 3943 1165 3986 an
1187 3925 1228 3985 de

111 4039 200 4096 ycno
233 4027 287 4088 hic
316 4027 478 4102 explices:
518 4026 550 4087 id
581 4026 664 4086 enim
681 4025 796 4111 'liquet
818 4025 981 4092 Horatium
1009 4027 1261 4088 utravisimar

105 4121 152 4187 :ine
171 4129 269 4190 Vario
294 4145 445 4190 summam
467 4129 608 4188 tribuere
633 4128 665 4188 in
689 4129 783 4205 poesi
808 4128 935 4203 epicaf‘,
975 4128 1114 4189 Orellius
1137 4144 1167 4203 p.
1183 4129 1223 4192 ta
1241 4160 1266 4191 t,-

105 4220 194 4294 larius,
218 4233 287 4292 ales
311 4230 427 4291 dicitur
450 4229 521 4289 sive
550 4245 697 4305 cycnus
726 4230 982 4300 Homericus,
1012 4237 1230 4305 praestans
1274 4264 1281 4295 t

105 4337 172 4391 rocta
195 4332 339 4409 epicus.“
373 4331 433 4390 Tot
456 4328 554 4407 igitur
576 4330 661 4391 docti
685 4333 747 4392 hoc
770 4333 832 4395 sibi
852 4337 1081 4409 persuaserunt
1090 4333 1131 4396 de
1141 4332 1231 4394 Varii
