2806 4866
597 296 607 303 ’
650 281 713 355 lid

183 451 302 512 Verum
330 469 390 515 nec
418 455 478 513 hoc
509 455 612 530 ipsum
648 458 727 518 satis
755 458 861 534 placet
893 466 925 518 et
957 464 1111 536 quaedam
1142 466 1260 539 majora

105 555 260 617 molienda
274 562 355 616 sunt.
389 558 435 621 Ac
458 557 592 633 primum
616 559 743 633 quidem
766 566 884 650 tanturn
909 564 1025 623 abesse
1046 567 1192 640 arbitror,
1214 578 1259 642 at,

108 656 134 716 id
153 658 241 732 quod
260 675 355 733 supra
369 659 519 721 LXXXVI
541 679 570 737 p.
585 662 644 726 114
667 662 927 738 perstrinximus,
951 663 1093 728 Marcelli
1114 671 1167 729 vel
1182 671 1258 734 Mar·
1325 706 1327 710 Α

109 760 252 827 collorum
282 761 408 822 lamae
440 762 490 823 vel
522 765 680 824 stemmati
714 771 802 826 recta
833 767 979 826 subnecti
1008 769 1153 831 videatur
1183 775 1260 834 Cac-

110 863 181 925 saris
204 862 339 934 sidus,
369 871 403 924 ut
432 872 637 927 memoratum
666 867 787 943 aliquid
817 868 919 928 luisse
943 869 1140 944 existimem,
1175 877 1260 950 quod

109 969 175 1026 anta
199 965 369 1027 Caesarem
401 967 484 1028 inter
513 968 592 1029 deos
622 977 786 1047 receptum
818 971 970 1033 acciderit
993 973 1100 1036 simile
1122 975 1259 1039 Fabricii

114 1072 137 1125 et
151 1067 238 1128 Curii
261 1083 298 1128 ac
312 1069 436 1130 Camilli
461 1069 672 1142 facinoribus,
696 1058 805 1148 idque¹
819 1075 922 1148 ipsura
945 1061 1007 1135 iton
1031 1077 1135 1139 minus
1159 1079 1258 1156 signi-

105 1167 231 1233 viccnter
250 1177 429 1247 ‘ornateque
454 1172 643 1245 indicatum,
667 1192 760 1250 quam
783 1176 945 1253 singulare
968 1195 1005 1238 ac
1027 1179 1259 1243 divinumJalii

114 1269 207 1332 dccrrs.
260 1273 370 1349 ltaque
401 1276 462 1338 boc
491 1276 648 1336 contendo
669 1259 821 1338 'laruam
848 1278 931 1340 male
960 1283 1158 1343 successisse
1187 1286 1259 1346 voci

115 1375 241 1448 palma.
294 1376 383 1447 Quod
413 1378 527 1439 lactum
551 1384 602 1438 est
625 1385 658 1438 et
681 1379 780 1440 iniis
804 1382 911 1442 Ovidii
935 1390 968 1443 et
991 1385 1144 1446 Martialis
1167 1387 1259 1459 locis,
1282 1381 1285 1388 ’

116 1495 181 1552 quos
204 1481 386 1556 composuit
407 1481 602 1543 Burmannus
626 1481 717 1544 Ouid.
740 1484 775 1544 A.
793 1485 829 1544 Α.
844 1485 865 1545 l.
882 1483 942 1546 121
966 1501 996 1559 p.
1013 1488 1090 1557 593,
1122 1495 1153 1548 et
1175 1490 1260 1566 apud

116 1579 364 1643 Gualthcrum
388 1584 480 1644 Alex.
496 1582 546 1643 lv.
564 1585 639 1644 366:
663 1585 784 1647 minuat
806 1588 949 1648 versutia
972 1587 1181 1664 palmam“:
1212 1591 1259 1652 sic
1314 1614 1319 1621 ·

116 1673 185 1744 anim
219 1687 330 1756 verba,
362 1702 445 1770 quac
474 1685 506 1747 in
529 1685 726 1749 Mueldeneri
759 1690 905 1769 exemplo
936 1691 1084 1767 leguntur
1114 1691 1146 1751 in
1177 1692 1261 1753 hunc
1304 1705 1306 1708 ’

115 1786 226 1849 modum
249 1788 384 1863 scripta:
408 1789 550 1850 versutia
572 1789 739 1851 lamam“
765 1791 954 1852 emendandi
977 1798 1168 1868 potestatem
1183 1794 1261 1855 facit

115 1887 270 1960 iscodex,
301 1889 390 1962 cujus
413 1892 474 1952 duo
499 1892 579 1953 lolia
601 1908 701 1966 penes
724 1907 775 1952 me
798 1899 870 1955 sunt
903 1888 973 1973 (qui
994 1893 1078 1954 idem
1102 1897 1204 1957 codex
1228 1897 1260 1958 in

115 2007 196 2054 versu
210 1994 285 2054 358:
311 1995 485 2056 candorem
508 1996 612 2056 lamae
631 1995 765 2072 iuligine
782 1994 864 2056 labis
883 1996 1112 2057 Obscurarc
1137 2006 1260 2074 queatr

107 2097 220 2156 ⁴rectius
245 2098 307 2159 boc
328 2103 439 2174 tenea
469 2099 691 2160 obfuscare
715 2105 854 2174 queat“'
875 2099 913 2158 cf.
937 2097 1075 2171 Conject
1090 2099 1166 2161 Stat.
1181 2100 1260 2161 XIX.

113 2210 136 2268 p.
148 2199 216 2277 212.
239 2197 344 2260 Manil.
359 2199 410 2259 tv.
429 2199 515 2284 532).
560 2200 600 2261 Ut
631 2208 736 2261 autem
765 2200 924 2271 Marcelli,
954 2202 1010 2276 qui
1040 2201 1112 2279 ipse
1136 2203 1261 2280 palma

114 2298 222 2362 dicitur·
249 2319 268 2362 a
289 2302 420 2364 Manilio
437 2304 467 2363 -l.
493 2304 572 2372 185,
601 2304 737 2388 palmam
765 2303 904 2381 fingere,
939 2322 1031 2380 quam
1054 2311 1187 2367 stemma
1210 2308 1261 2367 vel

113 2404 235 2481 stirpem
260 2406 349 2481 loqui
371 2406 481 2466 mallet
504 2405 673 2475 Horatius,
697 2405 816 2466 fecisse
840 2406 966 2467 videtur
988 2408 1169 2484 gratissima
1192 2407 1261 2479 ejus

105 2508 226 2576 >palmae
255 2509 454 2580 recordatio,
486 2525 526 2569 ex
556 2525 618 2584 qua
650 2515 743 2570 enata
772 2509 903 2569 suboles
931 2509 1030 2569 fertur
1052 2509 1262 2571 laetissimum

111 2604 181 2670 illud
211 2625 304 2670 omen
336 2611 434 2672 lutari
463 2627 565 2685 penes
594 2614 771 2688 Augustum
801 2611 947 2685 imperii:
984 2628 1120 2688 namque
1149 2612 1261 2687 „apud

111 2705 247 2776 Mundam
266 2710 306 2774 1).
328 2714 431 2775 Julius
454 2713 568 2775 castris
591 2717 696 2775 locum
720 2714 851 2789 capiens
875 2731 944 2774 cum
969 2714 1082 2775 silvam
1101 2714 1261 2786 caederet,

109 2817 283 2876 arborem
306 2817 462 2893 palmae
485 2823 645 2893 repertam
660 2817 893 2878 conservarint
918 2833 1030 2877 omen
1053 2818 1262 2901 victuriae
1291 2897 1294 2902 Ι

105 2908 210 2980 lussit:
240 2934 280 2979 ex
305 2934 344 2979 ea
368 2920 520 2989 continuo
549 2925 644 2979 enata
673 2919 816 2978 subolcs'
834 2917 915 2997 adeo
945 2917 977 2976 in
1008 2919 1119 2993 paucis
1149 2918 1262 2979 diebus

108 3018 260 3090 adolevit,
291 3028 326 3081 ut
355 3039 416 3082 non
446 3021 671 3097 aequipararet
701 3020 794 3080 modo
818 3017 998 3089 matricem,
1032 3011 1262 3080 verumetiam

107 3123 269 3200 ablegaret
315 3124 633 3199 frequentareturque
674 3122 886 3182 columbarum
923 3121 1008 3182 nidis
1017 3131 1036 3157 ‘⁴
1072 3121 1156 3182 Suet.
1181 3124 1260 3198 Aug.

106 3217 194 3285 XCIV
222 3227 332 3305 (quem
363 3226 464 3288 locmn
490 3234 521 3286 ct
544 3225 730 3287 Pascbalius
754 3226 868 3285 Coron.
881 3223 930 3282 Vl.
947 3225 986 3285 20
1014 3245 1047 3302 p.
1067 3226 1126 3289 lli
1152 3223 1262 3286 omisit

106 3331 137 3384 a
156 3308 394 3389 urernsnemrus
416 3328 484 3388 trv.
508 3328 618 3405 Suppl.
635 3327 722 3387 cxv.
739 3327 777 3387 ar
809 3345 838 3402 p.
853 3327 915 3391 aas
938 3325 1090 3389 votmv
1105 3323 1145 3406 *).
1181 3326 1261 3398 oua-

105 3422 165 3488 lem
192 3438 298 3492 autem
328 3431 470 3492 Marcelli
500 3431 634 3505 palmam
674 3446 747 3489 esse
776 3429 924 3489 Horatius
959 3429 1093 3499 dixerit,
1132 3425 1260 3505 penitus

105 3524 204 3604 latet·
243 3532 330 3594 Nihil
363 3532 447 3599 enim
471 3533 661 3609 explicatum
693 3538 742 3591 est
764 3532 803 3591 ab
826 3532 1008 3592 Acronc'et
1030 3533 1259 3611 Porphyrione,

105 3633 157 3706 qui
186 3637 331 3701 arborem
362 3636 487 3697 occulto
517 3650 599 3695 nevo
636 3641 830 3694 crescentem
866 3633 1006 3712 intelligi
1040 3638 1150 3697 volunt
1180 3652 1259 3706 eam,

105 3735 190 3807 cujus
221 3739 444 3809 „incrementa
471 3740 534 3800 nisi
557 3727 765 3815 posteaquam
789 3737 948 3799 creverint
979 3758 1041 3801 non
1063 3738 1258 3800 videantur“

105 3841 146 3918 (p.
168 3842 220 3911 l‘l,
247 3839 302 3925 12)
337 3858 447 3918 „quac
476 3847 597 3902 crescat
626 3857 707 3901 aevo
740 3841 863 3901 occulte
887 3841 1108 3918 procedente“
1138 3836 1183 3923 (p.
1207 3843 1258 3910 50,

107 3939 173 4024 ll),
198 3946 290 4019 quasi
313 3945 372 4013 sit,
395 3945 450 4005 ubi
474 3951 598 4020 tempus
620 3961 682 4003 non
708 3944 860 4030 „occulte
883 3945 1033 4005 labatur⁴‘
1065 3939 1168 4025 (ovid.
1192 3944 1260 4004 Am.

190 4091 222 4161 *)
250 4092 357 4159 Dignus
380 4096 405 4147 is
428 4093 553 4148 Suetonii
589 4093 665 4148 locus
690 4102 746 4160 est,
774 4097 820 4161 qui
844 4108 905 4147 oum
928 4095 1036 4148 Horatii
1064 4094 1196 4159 locol.2‚
1215 4097 1262 4148 10:

105 4175 187 4243 almo,
206 4178 277 4231 Nota
295 4196 364 4244 quae
383 4179 465 4232 sodes
482 4181 574 4233 luerat
593 4182 791 4234 columbis⁴⁴
816 4186 1001 4247 comparetur.
1035 4180 1070 4232 Et
1088 4181 1257 4248 comparavit

105 4261 253 4317 bochartus
266 4266 301 4320 11.
320 4266 427 4319 Hieron.
441 4266 463 4318 1.
477 4268 494 4320 3
518 4284 547 4334 p.
569 4268 598 4318 18
611 4283 653 4330 sq.

1058 4352 1094 4415 12
1112 4349 1127 4382 *
1218 4358 1363 4610 1
