2806 4866
664 365 727 438 1115

265 537 476 599 Scriberis
498 536 620 601 Vario
644 541 768 602 tortis
793 548 832 603 et
855 544 1035 607 hostium

264 640 423 710 Victor,
447 639 567 703 Maeonii
590 642 727 706 6611111115
751 643 820 708 alltc

255 744 355 815 vduam
378 760 438 803 rem
461 759 573 821 cunque
597 744 713 806 lerox
735 748 908 809 navibus
931 755 996 809 aut
1019 748 1139 827 equis

320 843 463 906 dilecte
486 844 585 906 duce
607 847 737 927 gesserit

119 944 204 1005 Unde
227 946 321 1007 simul
346 948 480 1025 emergit
504 955 601 1025 atque
622 939 754 1027 apparet
784 968 889 1027 neque
919 968 973 1022 ea,
1003 969 1085 1028 quae
1108 951 1273 1026 Bentlejus

123 1048 156 1108 da
183 1065 264 1109 voce
294 1066 567 1128 quamcunque
594 1052 664 1124 jure
699 1053 863 1114 dubitasse
889 1053 1026 1131 Hauptio
1056 1055 1182 1116 videtur
1218 1055 1273 1136 (cl.

123 1150 235 1213 weich.
259 1152 300 1212 de
312 1151 411 1213 Vario
435 1171 464 1228 p.
479 1155 546 1232 23),
571 1157 691 1217 habere
714 1157 793 1238 satis
817 1157 968 1234 ponderis
993 1159 1058 1231 (vel
1082 1158 1165 1233 quod
1185 1158 1272 1234 epici

126 1260 229 1328 poetae
260 1261 308 1314 est
338 1270 397 1330 per
426 1272 551 1317 omnem
575 1257 729 1334 deinceps
760 1274 861 1319 rerum
892 1259 1010 1319 seriem
1032 1255 1217 1341 decurrere)
1239 1265 1273 1320 et

127 1354 237 1417 heroici
268 1358 377 1433 operis
406 1358 656 1435 magnitudinem
687 1360 737 1418 1115
768 1360 891 1420 demum
921 1357 964 1443 (v.
990 1364 1007 1422 5
1031 1359 1092 1439 sq.)
1122 1360 1272 1420 indicari:

130 1458 206 1526 „llos
237 1459 366 1535 quidem
395 1461 492 1530 baec,
523 1477 605 1535 quae
634 1461 756 1535 optimo
787 1461 893 1521 omine
923 1480 980 1537 pro
1003 1463 1166 1536 republica
1188 1468 1273 1522 terra

129 1562 256 1638 narique
267 1568 360 1639 gesta
373 1561 467 1639 cpico
481 1565 618 1624 carmine
632 1563 821 1641 dignissima
833 1571 915 1634 sunt,
931 1581 993 1624 non
1006 1564 1108 1640 magis
1122 1582 1271 1625 conamur

130 1662 313 1735 describere,
338 1683 431 1741 quam
444 1665 576 1727 iliadem
597 1675 628 1728 et
643 1668 817 1744 Odysseam
831 1667 968 1727 condere
984 1673 1056 1743 post
1069 1665 1271 1726 Homerum.“

131 1764 199 1836 Quae
228 1774 350 1831 tantum
378 1769 500 1845 gratiae
536 1771 657 1831 babere
676 1824 678 1828 ,
698 1770 860 1840 videntur,
898 1775 1046 1846 qnantum
1083 1767 1270 1830 offensionis

131 1868 187 1939 illa,
217 1887 299 1946 quae
324 1872 366 1930 iis
390 1874 593 1948 placuerunt,
624 1874 678 1947 qui
701 1872 831 1933 Varium
855 1871 981 1946 epicum
1000 1878 1128 1944 poetam
1151 1888 1213 1932 non
1237 1886 1271 1930 re

131 1972 255 2043 ostendi,
280 1971 338 2032 scd
364 1975 486 2034 verbis:
511 1974 651 2035 Maeonii
675 1974 823 2034 carminis
844 1973 949 2033 alite“
974 1971 1129 2031 declarari
1146 1971 1271 2047 opinati

130 2081 205 2148 sunt,
237 2093 309 2137 nam
332 2077 461 2152 parcius
485 2076 525 2136 de
547 2063 710 2154 Agrippae
733 2077 827 2136 laude
851 2091 922 2135 eum
950 2073 1107 2143 scribere,
1141 2065 1270 2148 quibis

67 2238 73 2255 ,ι
130 2178 272 2239 absolvat:
315 2179 458 2257 Agrippa
486 2181 578 2241 tortis
608 2187 640 2240 et
670 2180 809 2240 bostium
845 2185 930 2238 terra
960 2176 1101 2251 marique
1130 2176 1270 2244 victor“,

130 2280 317 2355 perspicuum
347 2288 397 2341 est
426 2299 519 2357 quom
549 2283 634 2356 quod
665 2283 808 2342 maxime.
858 2280 896 2340 Et
919 2281 980 2339 boc
1003 2279 1131 2354 quidem
1154 2295 1271 2339 novum

129 2378 257 2442 dedimus
282 2381 352 2454 ejus
373 2385 492 2445 laboris
516 2384 754 2452 documentum,
779 2400 842 2457 quo
868 2381 899 2441 in
925 2379 1125 2456 explicandis
1145 2376 1269 2439 Horatii

128 2485 303 2546 carminibus
327 2487 453 2546 omnino
478 2470 557 2560 opus
583 2503 657 2546 csse
681 2485 816 2545 maxime
847 2484 880 2542 in
902 2481 1011 2559 Valgii
1033 2479 1269 2540 commentariis

70 2576 75 2631 ἶ
129 2587 288 2648 monuimus
320 2588 495 2649 identidem
526 2589 808 2664 persuasimusque
838 2583 1083 2646 Schneidewino
1107 2580 1179 2643 Litt.
1203 2579 1269 2640 lnd·
1388 2594 1391 2598 ’

130 2681 249 2767 (toning.
276 2690 358 2750 1849
380 2708 409 2766 p.
429 2692 518 2751 1632.

587 2925 787 3022 lxxxttt.

70 3154 81 3189 ,
185 3101 276 3177 „llinc
298 3102 337 3163 ad
360 3118 429 3162 eam
453 3119 519 3162 rem
544 3102 685 3171 relabor,
716 3117 820 3175 aqua
842 3115 976 3160 exorsus
1006 3108 1082 3156 sum.
1126 3090 1268 3168 Namque

69 3235 73 3251 ·
131 3195 264 3266 Prisciani
285 3204 391 3264 XVlll.
416 3204 446 3274 8,
468 3207 509 3266 89
539 3209 635 3280 atque
659 3202 794 3264 Acronis
825 3209 858 3262 et
881 3198 1109 3276 Porphyrionis
1139 3197 1179 3256 de
1202 3211 1267 3255 car-

72 3343 76 3353 .
130 3301 374 3378 ninel.ll,b:
1237 3369 1241 3377 .

293 3407 440 3490 161155,
463 3408 558 3468 vina
580 3408 721 3485 liques
746 3415 785 3468 et
805 3407 940 3483 spatio
962 3403 1080 3465 brevi
1192 3394 1196 3401 '

262 3504 379 3590 Spem
402 3513 563 3588 longam
584 3527 750 3571 reseces

70 3607 74 3701 ζ
130 3607 177 3672 hoc
196 3615 479 3693 praecipientium:
514 3613 653 3687 sapias
684 3631 741 3688 pro
772 3613 806 3672 si
839 3609 1011 3686 sapias“
1035 3609 1295 3675 auctoritatem,

67 3768 70 3778 .
130 3716 169 3775 cuj
194 3719 342 3794 plerique
370 3724 498 3792 parcnt,
527 3718 656 3777 nullam¹
674 3733 748 3776 esse
778 3721 810 3775 et
832 3713 1072 3803 Peerlkampins
1105 3708 1212 3769 docuit
1235 3714 1267 3766 et

67 3798 70 3889 J
129 3813 180 3880 alie
199 3822 304 3882 habeo
329 3821 444 3897 quibus
468 3822 648 3881 confirmem
669 3819 732 3892 jam
755 3818 895 3877 dicturus
918 3815 958 3873 de
983 3831 1077 3875 versu
1090 3803 1189 3871 hocce
1204 3807 1267 3892 (3):
1315 3849 1320 3858 ·

67 3991 69 4001 ¹
390 3913 1012 4000 1111111111,1111111111116111111111

129 4015 154 4079 ln
174 4040 264 4100 quem
289 4041 414 4085 versum
427 4026 580 4085 Lehrsins
604 4044 633 4100 p.
649 4024 741 4084 xntv
764 4023 881 4084 inferre
905 4040 966 4082 non
988 4015 1159 4084 dubitavit,
1184 4013 1267 4088 quod

130 4129 200 4189 omni
230 4134 298 4190 arte
328 4135 430 4188 caret:
464 4129 629 4199 utilius,
667 4127 821 4203 quidquid
850 4124 927 4191 erit,
965 4119 1063 4193 potin
1112 4114 1267 4191 Equidem
1381 4136 1385 4142 ·

131 4237 210 4296 tuum
238 4248 279 4292 ne
309 4247 418 4291 eorum
448 4230 592 4305 quidem,
623 4248 702 4305 quos
733 4223 990 4288 commemoravit
1018 4219 1267 4306 i'cerlkampius,

131 4334 240 4419 cceptis
263 4334 378 4394 melius
402 4332 599 4393 successisse
620 4332 812 4407 intelligam,
835 4325 1005 4403 Hauptium
1020 4329 1125 4387 autem
1142 4320 1267 4386 videam
