2806 4866
679 300 716 370 tt

115 475 222 553 pentis
251 475 353 536 luisse
383 471 493 534 scribit
522 472 642 535 Statius
672 472 770 533 Theb.
792 471 843 532 Xl.
869 474 947 534 583:
991 474 1086 534 dums
1118 477 1278 595 sanguine

117 577 213 641 crinis
237 577 373 638 Obnubit
395 576 552 637 furiale
576 580 731 653 caput.“

201 680 286 740 ldem
308 680 461 741 Lehrsius
485 694 568 754 quae
589 677 630 736 de
652 677 767 738 eodem
779 678 918 738 Cerbero
939 678 1086 754 leguntur
1100 679 1136 739 ΙΙ.
1153 682 1206 752 13,
1223 685 1277 743 34ε

414 780 610 843 Demittit
632 784 741 840 atras
764 778 861 843 bellua
884 780 1029 863 centiceps

490 884 636 953 Aures,
694 926 697 931 .

118 989 157 1050 ab
180 988 312 1050 Horatio
335 986 423 1047 tortu
410 991 460 1046 er
489 983 683 1056 abjudicavit
721 1004 751 1062 p.
775 985 911 1046 LXXXV
942 1002 1047 1060 neque
1078 987 1118 1045 de
1149 986 1278 1048 Seneca

115 1092 155 1152 de
178 1088 269 1153 Mort.
293 1088 400 1149 Claud.
430 1088 538 1165 pilo
561 1087 626 1149 Elz.
651 1088 924 1149 commemoravit:
956 1089 1133 1165 „pervenit
1168 1090 1277 1162 adju

113 1210 206 1254 uuam
227 1191 329 1261 Ditis,
351 1189 573 1262 ubijacebat,
602 1197 645 1251 ut
673 1191 732 1251 ait
763 1191 976 1263 Horatius,
1009 1192 1277 1253 belluacen-

113 1295 289 1370 ticeps“‚
313 1309 407 1370 quem
428 1309 487 1354 nec
501 1311 521 1354 a
536 1292 788 1355 Mitscherliohio
809 1294 937 1354 allatum
952 1295 1047 1354 video
1062 1310 1122 1354 nec
1136 1312 1157 1354 a
1171 1295 1276 1356 Peerl-

112 1397 242 1474 kampio
256 1393 371 1481 (quem
396 1397 532 1458 eundem
555 1416 587 1473 p.
603 1399 664 1458 206
688 1397 770 1475 fugit
790 1396 926 1457 Ennodii
950 1399 1020 1458 loco
1036 1397 1100 1456 Vit.
1116 1397 1276 1475 Epiphan.

113 1518 143 1577 p.
156 1500 228 1560 215.
249 1501 272 1560 C
287 1498 479 1577 subjungere
492 1500 626 1561 alterum
641 1500 725 1560 huno
743 1500 842 1560 Carm.
858 1497 894 1558 ΙΙ,
905 1500 944 1557 lt
960 1516 990 1574 p.
1002 1500 1071 1558 343.
1085 1500 1125 1558 B:
1147 1499 1223 1561 Oris
1240 1501 1276 1561 ad

113 1601 282 1679 imperium
306 1602 550 1664 submittunt
572 1603 654 1663 colle
669 1601 813 1679 chelydri
821 1610 841 1635 ‘⁴
866 1607 899 1660 et
918 1601 990 1660 Seu.
1005 1599 1098 1661 Herc.
1112 1602 1186 1662 Fur.
1199 1605 1275 1665 803:

113 1711 254 1775 „cuncta
276 1707 380 1767 lassus
410 1705 515 1782 capita
538 1703 730 1765 submisit
753 1705 872 1765 canis.“
896 1704 975 1764 ete:
1000 1704 1276 1782 „Composuit

113 1823 234 1869 aures
257 1806 439 1890 timidus“).

197 1911 308 1989 Neque
330 1913 409 1974 illud
432 1911 561 1987 quidem
582 1911 735 1973 Lehrsius
766 1909 836 1992 (qui
868 1909 901 1969 in
925 1910 984 1969 hec
1008 1926 1124 1972 caussa
1147 1911 1273 1972 videtur

113 2015 250 2077 maxime
273 2019 311 2078 ab
331 2016 490 2078 Ellendtio
515 2015 694 2092 profecisse
718 2013 904 2075 ctttlamelr.
928 2031 959 2089 p.
976 2011 1044 2097 XV)
1069 2022 1272 2092 perspectum

112 2116 235 2191 hebuit,
251 2118 327 2192 quid
341 2124 493 2193 sequutus
502 2117 652 2178 Horatius
668 2122 843 2177 extremum
858 2130 980 2174 carmen
997 2114 1037 2174 ad
1056 2116 1266 2176 celebratissi-

113 2235 180 2279 mas
205 2219 376 2280 interorum
397 2219 521 2280 tabulas
541 2217 719 2281 deduxerit.
754 2217 852 2288 Quem
869 2216 996 2292 quidem
1012 2217 1161 2293 pietatem
1176 2232 1260 2275 suam

114 2327 147 2383 et
170 2322 291 2383 Musam
320 2321 370 2382 dis
401 2321 490 2383 cordi
521 2337 594 2382 esse
628 2321 714 2383 vitae
744 2335 821 2380 suae
855 2320 1041 2381 custodibus
1065 2320 1118 2381 hie
1138 2334 1266 2395 quoqne

113 2426 293 2501 professum
322 2426 355 2485 in
383 2423 596 2502 praedicando
626 2423 759 2485 mirifica
787 2422 864 2485 artis
894 2423 1024 2483 diuinae
1056 2423 1202 2500 potentia
1224 2419 1269 2506 (ut

115 2524 164 2586 ΙΙΙ.
189 2528 239 2597 11,
265 2526 302 2586 13
328 2524 412 2610 sqq.)
435 2532 510 2602 apte
534 2526 661 2586 desisse
684 2527 756 2601 quis
780 2533 829 2586 cst
852 2525 928 2601 quin
952 2521 1133 2586 concedat?

200 2627 263 2689 Sed
285 2634 430 2690 revertor
451 2628 492 2688 ad
513 2629 617 2689 locum
640 2627 729 2689 illum
751 2629 974 2690 difficillimum
996 2647 1027 2689 v.
1053 2629 1111 2689 36:

404 2731 474 2792 ubi
497 2731 588 2793 illis
613 2732 863 2793 carminibus
887 2738 1063 2809 stupens

320 2835 512 2897 Demittit
535 2841 645 2896 atras
667 2835 811 2895 bellua
844 2836 1063 2910 centiceps

405 2941 502 3014 ture,

115 3058 209 3118 quem
230 3042 470 3119 Peerlkampius
499 3037 555 3124 (ne
584 3039 666 3102 Silio
695 3040 823 3117 quidem
844 3039 895 3100 Vl.
921 3042 997 3102 tae:
1032 3040 1185 3110 „haustu
1209 3057 1269 3101 sor-

113 3148 193 3207 bens
217 3151 249 3205 et
270 3144 463 3207 faucibus
487 3144 621 3205 otris“
653 3143 686 3203 in
714 3149 822 3219 portes
856 3145 982 3222 vocato)
1010 3141 1073 3204 sibi
1102 3143 1197 3204 visus
1227 3147 1270 3202 est

113 3251 174 3311 hac
197 3255 264 3311 arte
288 3248 486 3309 restituisse:
510 3246 648 3308 demittit
671 3253 754 3308 atras
777 3247 885 3307 bellua
907 3247 1071 3322 centiceps
1087 3246 1269 3308 Fauces.“

114 3352 207 3423 Qttali
230 3350 359 3413 dicendi
380 3349 474 3412 modo
497 3367 557 3412 nec
572 3349 728 3428 Virgilius
750 3368 826 3410 usus
851 3355 982 3424 estnec
999 3349 1197 3410 Claudianus
1221 3353 1269 3409 ant

114 3452 288 3532 Apuleius,
319 3470 399 3528 quos
430 3453 511 3514 scite
541 3454 719 3531 composuit
754 3453 854 3513 Cerda
878 3452 963 3530 Virg.
987 3451 1105 3528 Georg.
1127 3451 1182 3512 IV.
1213 3452 1267 3512 tet

114 3575 145 3634 p.
171 3557 243 3618 551.
266 3557 296 3615 b.
317 3545 359 3614 F.
406 3554 560 3630 Equidem
597 3556 733 3617 arbitror
769 3558 902 3617 subesse
939 3553 1078 3630 aliquid,
1116 3556 1202 3630 quod
1231 3553 1267 3614 sit

113 3657 216 3736 magis
231 3656 436 3718 reconditum.
471 3658 613 3719 Occurrit
628 3664 733 3719 autem
751 3659 883 3735 primum
902 3655 1076 3717 memoriae
1089 3658 1166 3729 hoc,
1189 3653 1267 3734 quod

113 3759 203 3820 tenui
226 3757 412 3819 discrimine
442 3760 481 3819 ab
505 3760 606 3820 altero
630 3757 770 3837 disjungi
795 3761 873 3830 soit,
908 3760 963 3835 qui
987 3759 1020 3819 in
1044 3759 1131 3835 Celp.
1155 3759 1222 3822 Eol.
1236 3756 1266 3816 ll.

116 3863 172 3924 85:
197 3861 271 3921 lites
294 3860 427 3922 Auferet
457 3861 604 3939 ingentes
633 3863 735 3923 lectus
759 3878 930 3938 possessor
953 3862 984 3922 in
1007 3871 1146 3922 armo“
1177 3856 1266 3923 scribi

114 3961 210 4036 jussit
233 3963 264 4024 in
289 3951 385 4024 oure
410 3970 441 4024 et
465 3963 519 4041 qui
542 3981 647 4025 arma
669 3970 702 4024 et
725 3981 794 4025 ora
811 3960 1265 4046 (aarezoratachmrrop.

115 4064 138 4127 1.
163 4066 202 4126 31
236 4084 266 4142 p.
281 4062 316 4150 l)
351 4067 523 4143 permutari
554 4067 651 4128 solita
687 4082 760 4126 esse
790 4066 966 4128 docuerunt
995 4064 1106 4149 (Drak.
1144 4066 1202 4130 sit
1223 4062 1265 4125 ΙΙΙ.

115 4165 345 4252 idb.p.198):
388 4170 562 4241 „Demittit
599 4175 712 4229 atros
749 4169 857 4230 bellua
886 4169 1052 4245 centiceps
1088 4171 1265 4239 Armos“;

14 4242 193 4576 ¹³¹st
221 4270 305 4331 enim
334 4271 441 4347 aptius
469 4270 548 4349 fingi
578 4271 684 4347 potuit
718 4287 809 4346 quam
834 4272 1006 4333 Cerberum
1034 4271 1121 4347 quod
1145 4265 1265 4334 intranti
