2806 4866
684 315 726 387 cd

131 495 209 555 558:
235 494 346 555 Acrius
371 492 432 552 lroc
456 493 586 569 pulchro
608 489 747 550 Mavorte
778 503 931 548 accensus
956 490 988 549 in
1012 490 1145 550 iram“
1180 499 1213 552 et
1235 494 1282 554 Po·

128 595 235 658 lorriae
259 612 368 675 regem
392 594 574 657 Sarbievius
597 590 644 651 lV.
669 590 707 649 38
738 607 767 665 p.
785 591 865 649 204:
903 590 1013 660 Qualis
1048 594 1171 654 minaci
1203 612 1282 671 prae

129 700 208 760 luris
239 700 360 776 impetu
388 700 425 761 Et
456 700 626 773 quantus
656 693 751 755 irae.
803 695 843 753 29
868 711 896 768 p.
915 694 989 753 187:
1028 703 1172 770 quantus
1197 700 1283 758 anuis

130 802 163 864 in
196 806 302 866 media
331 817 455 881 quoque
485 799 649 860 Formosus
680 794 749 857 ira.
794 797 891 873 Epod.
915 797 954 856 lll
985 814 1015 872 p.
1035 799 1109 859 238.
1158 802 1229 862 Isse
1249 837 1282 847 -

133 909 278 983 captivos
307 941 347 952 -
375 904 511 965 Gelonos
541 932 581 943 -
612 906 777 972 tropaeum
809 900 931 961 Nobilis
969 902 1065 961 irae.
1096 939 1142 950 —
1173 891 1284 966 decora

131 1011 236 1071 Caede
272 1010 424 1071 formosus
458 999 627 1076 mediaque
664 1002 789 1063 laudum
824 1003 958 1062 Pulcher
995 1004 1025 1064 in
1065 1003 1129 1066 ira
1160 1007 1282 1069 Ardet.“

130 1113 269 1188 Namque
299 1110 372 1181 „ira
402 1119 500 1178 saepe
532 1104 561 1164 in
592 1104 696 1164 milite
727 1112 775 1165 est
805 1106 905 1165 virtus
931 1112 962 1165 et
985 1108 1073 1166 calor
1094 1106 1281 1179 juventutis,

130 1222 164 1275 ut
188 1211 310 1273 centies
333 1207 416 1286 apud
439 1205 572 1267 Statium
582 1215 601 1240 ‘⁴
624 1206 727 1267 Burm.
751 1211 865 1268 Lucan.
889 1207 940 1266 vl.
965 1211 1023 1270 155
1056 1226 1087 1284 p.
1110 1212 1184 1273 398.
1209 1230 1281 1282 „au-

128 1315 217 1375 dacia
240 1319 293 1374 aut
317 1311 442 1372 virtus“
464 1309 570 1368 Barth.
593 1309 672 1368 Adv.
696 1309 732 1369 V.
759 1313 796 1371 to
818 1310 887 1389 (Sil.
910 1311 948 1370 V.
973 1312 1012 1370 lb
1037 1330 1068 1387 p.
1085 1312 1179 1395 245).

207 1416 295 1477 Licet
318 1415 425 1489 aliqua
447 1412 579 1482 addere,
604 1429 685 1487 quae
709 1412 856 1491 sugerunt
880 1413 1158 1490 Peerlkampium3
1192 1418 1280 1477 Lehr-

125 1519 206 1578 sium
230 1518 314 1578 enim
337 1515 465 1576 silentio
488 1513 667 1576 transmitto
691 1516 932 1577 difficultatibus
956 1516 1102 1577 levandis
1120 1520 1207 1580 adeo
1232 1520 1280 1580 im·

124 1636 249 1698 parem,
272 1626 306 1680 ut
329 1619 360 1680 in
383 1633 495 1677 versus
523 1617 656 1678 t'l—cl
683 1618 766 1678 ferro
791 1624 989 1695 grassaretur
1013 1615 1065 1700 (cl.
1080 1620 1192 1706 XLV).
1223 1623 1279 1684 Li-

125 1725 256 1784 beram
280 1728 442 1782 mortem
466 1721 550 1780 enim
574 1721 754 1781 invenimus
783 1722 868 1797 apud
891 1722 1042 1782 Senecam
1068 1725 1183 1800 Agom,
1211 1727 1279 1786 591:

124 1844 194 1889 cum
218 1832 324 1903 pateat
347 1822 436 1883 malis
459 1821 616 1898 Effugium
640 1829 671 1882 et
695 1824 830 1883 miseros
860 1824 995 1883 libera
1018 1841 1124 1884 mors
1150 1835 1280 1897 vocam,

124 1947 216 2008 quem
240 1945 364 1989 versum
387 1925 629 2002 Oudendorpius
660 1925 855 2001 comparavit
886 1943 955 1985 curn
979 1929 1105 1988 Lucano
1122 1928 1280 1991 Vllala:

122 2036 255 2096 libera
282 2031 425 2091 tononoe
461 2045 563 2088 mors
603 2035 700 2102 est“;
740 2029 853 2104 quibus
891 2030 1085 2090 insolentius
1120 2042 1172 2092 est
1204 2032 1277 2093 illud

126 2134 282 2201 Ammiani
305 2131 396 2193 Marc.
420 2130 484 2190 XX.
510 2132 539 2201 8,
565 2135 599 2194 9:
628 2132 792 2201 „libero
816 2132 1005 2206 pectoris
1028 2151 1155 2205 muro,
1179 2142 1212 2194 ut
1236 2136 1278 2196 ita

123 2240 274 2308 dixerim,
298 2241 436 2308 septus“
460 2234 499 2293 cl.
521 2236 658 2294 Lactant.
682 2233 721 2293 M.
737 2234 861 2294 Perseo.
883 2236 932 2303 ιι,
950 2237 984 2294 3:
1017 2237 1111 2309 quasi
1138 2237 1177 2296 ad
1208 2237 1275 2295 de-

121 2351 256 2404 votam
277 2343 459 2406 mortem,
493 2356 556 2398 nou
579 2337 619 2397 ad
641 2337 798 2411 proelium
820 2337 1032 2410 venisseut“;
1063 2339 1169 2399 verbis
1192 2339 1271 2398 rui-

121 2448 187 2509 nis
210 2443 389 2518 latigare
411 2447 516 2500 autem
540 2439 659 2500 similia
682 2441 833 2514 posuisse
857 2440 991 2500 Statium
1011 2441 1110 2504 Theb.
1132 2441 1184 2501 lll.
1199 2442 1273 2502 280:

120 2549 238 2610 Mille
268 2541 396 2603 modis
434 2542 511 2602 leti
546 2543 716 2602 miseros
747 2559 830 2601 mors
858 2559 921 2602 una
948 2543 1130 2620 latigat“
1167 2552 1200 2605 et
1229 2546 1273 2605 lo-

122 2653 256 2727 seplmm
279 2646 334 2706 lsc.
348 2643 398 2702 Vl.
415 2644 492 2704 448:
515 2644 604 2704 mille
628 2643 704 2703 licet
727 2650 845 2703 mortes
868 2645 942 2704 binc
966 2645 1040 2704 inde
1065 2647 1273 2724 fatigent.“

121 2756 200 2816 233:
222 2747 407 2823 duplicique
429 2745 582 2822 fatigat
604 2744 705 2805 Morte
719 2747 885 2806 onirnamf‘
910 2749 988 2807 253:
1013 2748 1171 2810 fulmineo
1185 2752 1273 2825 Phry-

120 2859 192 2936 gios
216 2864 363 2914 mucrone
385 2847 554 2924 fatigans.“
599 2847 748 2908 liuinas
780 2848 908 2924 quidem
938 2850 1003 2910 dici
1033 2851 1143 2911 clades
1170 2853 1275 2913 docuit
1312 2910 1314 2929 2

118 2956 264 3021 Barthius
288 2950 363 3011 Siai.
388 2951 483 3011 Theb.
508 2951 557 3011 lll.
584 2953 623 3012 43
660 2967 690 3026 p.
707 2953 777 3011 682.
823 2951 878 3010 Sil.
903 2951 952 3012 lll.
977 2954 1054 3012 ccc:
1093 2956 1276 3030 caedesque

119 3062 219 3122 virum
241 3069 492 3130 magnaeque
524 3055 669 3114 ruinae
699 3052 786 3114 Idaei
809 3055 947 3128 generis.
991 3055 1042 3113 Vl.
1067 3055 1127 3116 29:
1167 3075 1276 3136 magna

119 3176 252 3242 pugnam
276 3155 429 3216 inclinare
451 3157 550 3217 ruina.
598 3155 740 3217 Sarbiev.
765 3155 814 3214 lV.
840 3157 857 3215 4
881 3172 913 3231 p.
929 3159 1005 3219 145:
1028 3158 1087 3218 Pro
1112 3163 1276 3234 quantis

119 3303 158 3314 -
183 3258 352 3323 Moldaviai
376 3260 460 3335 tegis
484 3277 559 3320 arva
583 3261 686 3334 campi
710 3261 861 3320 Thracum
886 3261 1052 3320 r·uinis‚“

613 3464 780 3563 xxvltl.

124 3659 127 3663 ·
202 3642 249 3702 Ne
270 3638 434 3701 bleinelrio
457 3639 586 3714 quidem
610 3639 640 3701 in
665 3641 803 3702 carmine
827 3639 847 3700 l.
874 3642 924 3711 31,
950 3647 984 3703 5:

353 3759 435 3821 Non
458 3768 684 3822 aestuosae
707 3764 789 3840 grata
813 3762 1029 3822 Calabriae

351 3863 539 3924 Armenta

136 3980 251 4064 antigii
272 3989 308 4045 ut
332 3983 417 4060 qarod
437 3981 507 4054 jure
531 3983 762 4059 reprehensum
785 4000 883 4058 pravo
907 3990 1021 4043 conatu
1034 3983 1277 4061 Peerlkampius

136 4068 258 4159 ‚dhane
281 4087 412 4148 formam
434 4084 626 4147 deduxerat:
651 4083 783 4156 Graja,
809 4085 1018 4161 probabiliter
1035 4094 1201 4161 repararet
1217 4089 1279 4148 hoc

136 4174 264 4255 avanto:
295 4191 397 4260 lata,
421 4189 506 4265 quod
527 4185 681 4247 Lehrsius
706 4203 781 4246 casu
804 4186 913 4262 aliquo
937 4188 985 4258 id,
1019 4188 1103 4263 quod
1126 4188 1278 4250 Horatius

124 4301 282 4371 ¹temerat,
307 4290 490 4351 abolevisse
515 4289 664 4366 opinatus
686 4290 757 4367 ,hoe
788 4291 881 4350 modo
906 4290 966 4351 sibi
994 4291 1082 4349 rusus
1108 4299 1155 4351 est
1183 4312 1212 4368 p.
1227 4292 1276 4352 LX

136 4440 184 4576 k
