2806 4866
686 281 726 353 at

119 466 202 518 tem
242 451 588 540 (Β11111.111.21,39)
624 459 914 529 quotumquemque
951 453 1149 516 librariorum
1180 457 1284 517 credis

119 569 323 638 compertum
352 559 503 621 habuisse
533 557 693 634 exemplis
717 557 851 632 Luperci
875 557 1055 619 1111111111.
1079 557 1128 619 lll.
1153 562 1204 630 tl,
1231 561 1285 621 10:

118 673 234 726 uotum
271 663 477 725 insaturabile
513 660 652 722 habendi
689 659 800 721 lrnbuit
837 660 978 721 infami
1013 667 1141 738 pectora
1177 671 1285 724 nostra

121 770 261 829 malo“
285 773 317 826 et
340 765 476 827 Phaedri
499 763 549 824 Ill.
574 766 603 834 8,
630 765 684 825 15:
726 765 772 823 Tu
800 763 929 824 formam
959 780 999 824 ne
1029 780 1209 841 corrumpas
1232 781 1284 826 ue-

126 871 251 947 quitiae
274 869 421 930 malis“
446 875 477 927 et
502 882 594 942 quern
617 867 722 927 attulit
745 866 940 927 Burmannus
965 886 994 943 p.
1011 868 1089 937 tat,
1111 867 1285 944 Lampridii

124 975 234 1035 Sever.
251 975 304 1033 38:
328 972 369 1031 Ut
386 972 445 1031 lias
469 969 594 1030 animi
618 962 737 1029 mali‘s
751 969 889 1045 repulsis
905 969 1040 1030 Pulcher
1048 980 1067 1009 ‘¹
1090 987 1127 1031 ac
1141 969 1285 1031 Senecae

122 1079 255 1153 Thyest.
283 1076 358 1135 349:
382 1077 485 1132 metus
509 1078 541 1130 et
564 1071 625 1131 diri
654 1072 759 1131 mala
782 1071 955 1147 pectoris.“
980 1075 1036 1135 nt:
1073 1088 1155 1133 neve
1177 1073 1284 1133 furiali

121 1181 229 1240 malo
259 1176 433 1254 Aspergite
464 1191 550 1235 aras:
594 1174 684 1235 stabo
716 1181 746 1233 el
777 1175 892 1235 arcebo
923 1178 1060 1237 scelus.“
1096 1177 1219 1237 Patron.
1249 1175 1284 1235 11.

123 1302 157 1359 p.
175 1281 253 1342 868:
277 1280 380 1341 cordis
404 1279 508 1339 rnalc
528 1277 612 1337 livor
634 1282 730 1353 atque
754 1278 877 1338 luxus.“
923 1277 987 1338 Nec
1010 1279 1112 1340 rninns
1136 1279 1283 1340 librarios

126 1384 245 1445 fefellit
271 1400 320 1443 res
343 1399 384 1443 ne
407 1400 490 1443 nunc
513 1381 641 1457 quidem
672 1379 751 1440 satis
782 1381 956 1456 explicata,
988 1398 1082 1456 qurum
1106 1383 1189 1443 enim
1214 1401 1285 1443 con-

127 1487 264 1547 suetudo
284 1487 344 1546 hoc
367 1486 481 1553 ferret,
512 1490 546 1543 ut
570 1482 774 1543 scriberetur:
805 1482 872 1560 qui
905 1483 1051 1544 immunis
1081 1485 1172 1545 malis
1204 1492 1284 1551 est,

123 1589 155 1649 si
179 1589 288 1666 teligit
311 1605 408 1658 aram,
433 1587 516 1647 farre
541 1587 596 1663 pio
621 1593 753 1661 penates
776 1587 952 1658 mollivit“,
975 1589 1037 1649 hoc
1062 1594 1176 1659 tanuen,
1201 1590 1286 1664 quod

120 1694 302 1770 posuimus,
326 1689 582 1767 reprehensione
606 1691 748 1750 carnisse
772 1690 886 1751 docent
910 1689 1059 1751 Horatius
1081 1691 1181 1767 Epist.
1207 1690 1226 1750 l.
1254 1695 1282 1761 5,

124 1798 183 1856 13:
216 1795 364 1855 Parcus
394 1794 434 1852 ob
457 1791 595 1852 heredis·
612 1809 714 1851 curam
739 1791 934 1865 nimiumque
958 1807 1130 1852 severus
1153 1793 1284 1854 Assidet

124 1899 274 1957 insano.“
318 1894 369 1954 lll.
392 1897 443 1966 20,
471 1896 524 1954 15:
562 1893 672 1964 Qualis
696 1898 749 1952 aut
772 1892 887 1952 Nireus
909 1893 969 1952 luit
992 1899 1045 1953 aut
1068 1910 1189 1970 aquosa
1214 1895 1284 1955 Ra-

127 2006 228 2075 ptus
251 2000 288 2058 ab
313 1996 398 2059 Ida.“
441 1997 634 2058 Claudianus
647 1998 678 2056 L.
692 1996 757 2056 Ser.
776 1996 850 2055 tlt:
875 1995 941 2056 Non
967 1996 1062 2056 talem
1086 1998 1283 2059 -Alcinoo

127 2100 339 2178 genitam.“
384 2099 504 2161 Seneca
526 2100 589 2159 Vit.
612 2101 698 2159 Beat.
715 2099 750 2158 ὃς
773 2101 884 2160 beatus
910 2105 957 2160 est
979 2099 1092 2172 judicii
1116 2107 1283 2162 rectus‘c

123 2202 158 2263 id
183 2209 232 2262 est
256 2204 390 2272 „beatus
415 2202 443 2261 is
468 2207 526 2271 est,
554 2202 608 2277 qui
632 2208 736 2262 rectus
758 2201 872 2273 judicii
896 2210 966 2263 est“
991 2210 1023 2263 et
1047 2221 1127 2278 quos
1152 2221 1284 2265 comme-

120 2305 261 2366 moravit
283 2305 556 2382 Naegelsbachius
581 2305 648 2365 Stil.
673 2307 737 2366 Lat.
763 2324 792 2382 p.
817 2307 874 2379 73,
900 2324 970 2367 nam
993 2308 1158 2382 copiosius
1182 2308 1222 2367 de
1245 2324 1284 2368 ec

123 2423 249 2486 genere
285 2409 517 2484 explicabimus
554 2409 586 2468 in
623 2408 742 2468 Cinnae
779 2397 1013 2469 commentariis
1036 2409 1057 2468 1.
1091 2411 1119 2478 3,
1153 2410 1187 2478 l,
1224 2428 1286 2484 qua

126 2509 276 2571 Ouidio
298 2512 389 2571 Trist.
414 2509 449 2570 11.
475 2512 535 2572 433
559 2512 640 2571 baec
664 2512 824 2572 reddenda
848 2528 921 2572 esse
945 2511 1173 2573 obtinebimus:
1204 2511 1285 2582 Quid

121 2613 261 2674 referam
277 2613 425 2683 Ticidae,
449 2615 526 2689 quid
540 2614 666 2674 Memmi
683 2631 825 2686 cannen,
850 2616 933 2693 apud
947 2633 1027 2691 quos
1042 2615 1148 2676 Rebus
1172 2615 1286 2701 adest

118 2732 241 2778 nomen
272 2716 519 2792 nominibusque
550 2718 652 2793 pudor
675 2751 716 2761 -
738 2718 776 2778 Et
807 2737 939 2795 quorum
969 2720 1006 2779 in
1038 2719 1160 2778 libris
1191 2708 1284 2779 modo

117 2819 394 2879 dissimulata
431 2820 567 2880 Perillae
612 2821 746 2882 Nomine
792 2841 873 2883 nunc
914 2823 1032 2899 legitur
1076 2821 1178 2891 dicta,
1219 2822 1282 2880 lle-

117 2924 221 2993 telle,
245 2929 331 2983 tuo.‘⁴

658 3129 756 3225 xvt

213 3297 300 3366 Quae
325 3298 356 3358 in
380 3298 519 3359 carmine
543 3299 563 3359 1.
590 3300 640 3369 31,
668 3303 705 3364 14
730 3310 854 3363 extant:

297 3416 368 3477 Dis
392 3434 506 3478 carus
531 3420 655 3495 ipsis,
681 3422 835 3498 quippe
858 3428 920 3482 ter
947 3427 984 3481 et
1008 3429 1156 3497 quater

301 3520 379 3581 luna
402 3522 594 3582 revisens
618 3539 773 3599 aequor
794 3523 1044 3585 Atlanticum

357 3623 538 3699 Impune,

119 3740 153 3801 in
183 3741 406 3818 gravissimam
430 3742 699 3820 vituperationem
726 3747 860 3809 adducta
876 3748 944 3808 his:
969 3750 1064 3810 nimis
1088 3768 1107 3811 a
1129 3767 1206 3810 uero
1230 3749 1279 3809 ab·

117 3845 235 3903 horret
266 3850 312 3904 tot
343 3845 459 3906 itinera
489 3848 659 3923 quotannis
688 3849 786 3919 lacta,
822 3850 949 3913 etiarnsi
976 3870 1062 3914 utare
1092 3853 1283 3913 Atlanticum

120 3963 179 4006 ora
210 3947 403 4008 occidentali
431 3947 640 4012 Mauritaniae
676 3951 729 4011 hic
757 3953 879 4013 finias“
918 3955 1158 4030 Peerlkarnpius
1189 3952 1283 4023 ejecit

120 4049 387 4126 collaudatusque
411 4052 497 4111 omni
519 4055 688 4116 uerborum
710 4056 831 4116 honore
855 4065 904 4118 est
928 4055 1121 4118 alllleinekio
1142 4061 1173 4112 et
1187 4056 1281 4114 Labr-

119 4151 171 4210 sio
203 4170 234 4227 p.
258 4152 309 4211 LX
346 4159 378 4213 et
406 4153 633 4231 Heynemanno
671 4158 711 4217 de
741 4159 890 4235 Interpol.
922 4179 951 4236 p.
976 4161 1025 4219 25.
1083 4155 1151 4226 Quo
1181 4158 1282 4235 tnagis

118 4255 235 4313 mirum
262 4262 311 4315 est
335 4256 446 4316 doctos
470 4260 617 4319 homines
632 4263 704 4319 uoci
729 4262 889 4337 impune
912 4260 993 4319 adeo
1012 4277 1072 4317 non
1088 4258 1279 4336 intendisse,
