2828 4866
758 300 805 369 118

155 511 158 519 ·
201 479 269 550 Quo
293 475 445 553 loquendi
469 490 588 551 genere
610 474 746 536 maxime
767 471 887 534 Statius
910 489 986 531 usus
1011 472 1180 547 estBarth.
1197 474 1358 536 Claudian.

195 576 284 641 Mali.
307 578 425 640 Theod.
449 580 466 636 t
492 596 522 654 p.
536 577 576 639 ou
601 583 632 638 et
655 575 731 637 Stat.
756 576 850 639 Theb,
875 573 923 634 IX.
946 574 1007 634 610
1031 589 1060 648 p.
1080 574 1161 635 1038
1179 593 1225 651 sq.
1257 576 1362 635 Bunn.

202 683 332 754 Quintil.
355 680 442 743 Decl.
467 680 529 740 llll.
558 683 596 743 ttl
626 698 654 755 p.
671 680 742 738 aet.
775 678 870 739 Drak.
894 675 960 736 Liu
985 676 1075 735 llllll.
1101 677 1151 747 15,
1177 681 1194 738 1
1234 697 1264 754 p.
1289 679 1361 738 261.

203 787 246 847 Ct.
270 784 342 845 Hor.
367 785 464 861 Carm.
490 782 524 842 ll.
550 785 579 853 3,
603 783 659 843 at:
691 782 748 841 nil
771 778 1012 841 miserantis
1035 779 1116 840 Orci.

679 1016 883 1112 xxxurr.
996 1132 1006 1143 f

233 1252 237 1258 ,
288 1195 368 1256 Hinc
391 1193 430 1253 ad
454 1171 512 1252 illa
536 1208 636 1270 pergo
660 1190 869 1266 disceptanda
892 1193 989 1252 verba
1015 1187 1057 1274 (v.
1084 1191 1153 1272 ill:

384 1362 385 1366 ,
497 1293 546 1357 111
567 1294 643 1357 nde
666 1295 792 1354 vitam
816 1300 993 1381 sumeret
1016 1293 1124 1357 lasciua

206 1476 209 1484 Ι
463 1471 465 1478 Ι
499 1396 639 1457 Pacem
662 1396 801 1457 duello
825 1397 1012 1468 miscuit,

202 1478 361 1579 quaeant
387 1500 434 1560 sic
460 1500 569 1560 autin
594 1515 665 1559 eum
688 1498 831 1568 modum,
862 1485 956 1574 quem
988 1499 1139 1561 librorum
1162 1501 1243 1561 fides
1268 1501 1357 1561 Bent-

201 1605 265 1677 lejo
279 1609 423 1680 spectata
434 1603 591 1678 potiorem
606 1606 762 1678 praestat:
786 1608 925 1661 sumeret
940 1602 1077 1677 aptius
1089 1612 1119 1674 “,
1132 1602 1252 1680 scripta
1266 1620 1359 1679 quum

202 1724 295 1768 nemo
324 1705 560 1786 intellexisset,
597 1701 732 1771 accidit,
764 1708 799 1762 ul
829 1701 953 1762 infinita
983 1718 1094 1764 versus
1126 1706 1219 1781 quasi
1248 1705 1360 1767 illuvie

203 1809 388 1886 opinionum
425 1813 457 1866 et
492 1804 741 1878 conjecturanun
778 1807 1059 1868 commacularetur
1097 1809 1226 1883 potius,
1270 1825 1360 1884 quam

203 1911 433 1990 emacularetur
456 1926 475 1970 a
500 1924 670 1985 quoquam,
704 1906 798 1978 Nam,
822 1924 862 1967 ne
886 1908 993 1969 omnia
1016 1915 1198 1970 recenseam
1223 1913 1361 1980 nomina,

204 2012 318 2074 Antius
341 2012 488 2090 Spurinn.
514 2029 544 2088 p.
561 2012 600 2071 21
627 2026 708 2086 quae
729 2012 878 2088 leguntur
905 2029 936 2077 v.
962 2014 1099 2072 et-to
1129 2014 1254 2074 censuit
1285 2015 1360 2075 insi-

202 2116 286 2184 tiva,
310 2093 528 2175 Lachmannus
547 2113 609 2172 hoc
625 2111 773 2188 protulit:
796 2112 880 2172 unde
894 2104 992 2178 vitam
1005 2120 1154 2184 sumeret,
1177 2116 1363 2186 anxius“,

204 2215 289 2291 quod
310 2213 493 2291 languidius
515 2214 633 2274 dictum
656 2220 762 2274 tamen
786 2229 845 2274 nec
859 2213 999 2291 Hauptio
1023 2208 1185 2292 displicuit
1208 2221 1240 2273 et
1260 2219 1361 2276 vehe

203 2316 431 2378 urentissimam
446 2316 574 2376 Lehrsii
600 2334 632 2390 p.
645 2316 740 2376 CVlll
762 2317 863 2377 movit
878 2319 1157 2395 approbationem,
1180 2314 1358 2391 Seyffertus

81 2458 84 2464 ·
111 2503 113 2507 ι
203 2439 253 2498 ap.
278 2397 435 2507 Muetzell.
458 2420 539 2478 Actt.
570 2417 610 2478 ad
633 2435 774 2496 gymnas.
804 2421 918 2495 pertin.
947 2422 1025 2482 1860
1056 2442 1086 2499 p.
1101 2422 1161 2483 582
1191 2421 1374 2480 11111111,

204 2525 362 2585 ordinata:
401 2521 569 2596 timuitque
608 2527 739 2583 mortem
770 2522 884 2592 Hinc,
920 2522 1004 2583 unde
1040 2524 1138 2584 uitam
1174 2508 1361 2584 sumeret.

203 2627 349 2709 Aptius
372 2622 483 2706 Pacem
507 2622 614 2684 duello
638 2624 775 2685 miscuit.
807 2624 986 2698 Opudor“
1011 2624 1043 2684 in
1064 2625 1145 2684 hanc
1168 2626 1361 2686 sententiam

160 2746 168 2756 ¹
204 2727 267 2787 sibi
290 2727 379 2786 visus
409 2732 459 2785 est
488 2743 588 2802 posse
618 2726 796 2812 explicare:
831 2723 938 2801 aptius
962 2724 1068 2784 idest
1091 2726 1223 2785 Romani
1248 2727 1362 2789 militis

203 2828 318 2889 honori
341 2807 586 2914 convenientius
611 2842 719 2901 ¹euque
749 2826 790 2884 de
820 2841 934 2886 caussa
958 2828 1053 2888 venia
1081 2827 1209 2903 dignius
1233 2830 1361 2901 luisset,

204 2931 233 2991 si
253 2929 338 3003 justa
356 2911 527 2991 'coturnatos
550 2925 755 2989 dimicatione
780 2942 890 3003 pacem
908 2927 1079 3000 lecissel“,
1102 2930 1232 3006 leepins
1253 2938 1362 2992 autem

204 3023 244 3094 in
259 3034 414 3095 urcensis.
439 3033 519 3107 uov„
539 3031 665 3091 Annali.
689 3028 767 3089 Patr.
786 3031 866 3090 rato
891 3050 920 3108 p.
937 3032 998 3091 raa
1022 3035 1074 3094 ver
1097 3034 1136 3096 aa
1157 3034 1239 3095 nanc
1262 3035 1359 3095 inrer-

204 3136 414 3220 pretationem
431 3129 614 3191 descendit:
638 3129 698 3190 llic
714 3129 830 3212 (rande
848 3132 971 3193 vitam
987 3141 1167 3197 sumeret
1182 3132 1360 3220 aptiusi)

203 3251 313 3312 pacem
341 3231 450 3317 duello
479 3231 639 3305 miscuit.“
690 3232 845 3304 Quocirca
876 3237 1103 3310 quaerentibus
1134 3236 1244 3306 nobis,
1283 3238 1361 3312 quid

202 3336 329 3420 tandem
358 3334 594 3396 desideraretur
623 3336 823 3412 potissimum
852 3338 892 3399 ad
922 3339 1150 3417 integritatem,
1169 3340 1361 3410 sententiae,

204 3439 289 3514 quod
311 3439 405 3527 sequi
435 3438 466 3500 in
490 3436 697 3510 conjectando
721 3446 810 3501 certo
833 3441 963 3511 liceret,
994 3443 1057 3503 tale
1086 3442 1162 3518 quid
1193 3442 1362 3503 videbatur

203 3556 306 3616 paene
330 3542 515 3610 necessario
539 3541 679 3616 requiri,
703 3543 789 3617 quod
811 3549 845 3603 et
868 3544 1014 3605 voculam
1036 3544 1104 3605 hic
1126 3551 1160 3605 ut
1183 3546 1254 3604 loco
1274 3545 1361 3621 prin-

204 3643 320 3720 cipem.
339 3644 385 3704 ita
406 3643 439 3704 vi
468 3649 501 3702 et
523 3634 686 3719 potestate
717 3652 908 3725 postremam
940 3645 1125 3711 amoliretur
1156 3654 1188 3708 et
1222 3647 1360 3709 honeste

202 3749 290 3810 vitae
312 3764 402 3836 spem
426 3750 510 3817 terro
534 3749 645 3825 quaeri
669 3751 865 3829 significaret
888 3751 1008 3827 inipso
1023 3753 1139 3831 Reguli
1153 3753 1360 3830 peroratione

204 3852 352 3926 positum.
387 3850 477 3922 Quod
502 3869 596 3927 quum
616 3853 665 3914 ita
688 3855 741 3924 sit,
764 3871 826 3914 non
849 3853 958 3926 dubito
978 3856 1131 3931 ¹equidem
1147 3855 1361 3927 conjecturam

204 3967 482 4040 enpromepelnon
502 3955 688 4038 proclivem
717 3955 819 4032 magis
849 3951 965 4036 (testes
993 3956 1034 4016 do
1065 3956 1360 4029 Drakenborchium

203 4051 258 4112 Sil.
281 4054 332 4114 vt.
356 4055 427 4137 580.
444 4073 485 4131 p.
502 4056 562 4133 321
587 4058 625 4138 11.
649 4057 715 4117 Liv.
740 4052 858 4132 XXXII.
883 4057 972 4128 tut
996 4065 1028 4119 el
1052 4058 1266 4120 Schwarzium
1281 4056 1360 4119 Plin.

203 4153 276 4215 ran.
301 4156 338 4217 rs
375 4158 480 4234 poca
503 4161 770 4221 assummum
795 4159 955 4221 claudun.
979 4160 1012 4221 a.
1036 4161 1201 4222 curnam
1239 4143 1359 4237 1111.

203 4256 244 4349 ct.¹
265 4256 336 4318 Hor.
362 4260 459 4320 Corin.
483 4260 532 4319 lll.
557 4264 608 4330 21,
633 4264 667 4320 5:
690 4276 737 4319 ne
761 4277 897 4338 semper.
910 4257 1036 4326 Lachm.
1050 4263 1162 4338 Haupt.
1187 4264 1255 4324 hic
1278 4280 1359 4324 sem-
1384 4267 1392 4277 '
