2806 4866
640 335 724 418 ’98

120 532 279 593 bello.“8
312 548 340 604 p.
363 529 434 585 tao:
469 525 656 585 revictos
685 522 822 583 consilio
846 520 971 581 dolos.“
1016 519 1120 590 Quale
1147 522 1249 582 afirma-

494 628 611 677 victae

124 707 223 764 verim
248 700 403 761 essehoc
426 696 653 778 (retractae
676 714 683 752 ε
707 690 935 774 revictae):

419 799 622 859 Consiliis
643 796 817 866 juvenis
839 795 991 856 renuat.

119 911 334 971 llelractue
358 909 572 969 catervae,
597 906 629 958 ut
653 897 738 974 apud
760 896 894 957 Statium
916 896 996 956 Silv.
1021 896 1074 956 lV.
1100 901 1130 968 5,
1154 899 1187 958 8:
1205 898 1253 958 lau

120 1011 274 1088 Zephyris
305 1006 421 1081 Aquilo
450 1004 688 1062 retractus.“
740 999 813 1059 llor.
844 999 943 1059 Carm.
976 997 1028 1056 ΠΙ.
1062 1001 1091 1070 3,
1122 1000 1175 1060 28:
1211 1015 1255 1060 noc

119 1113 234 1174 Priami
257 1111 369 1169 domus
391 1104 519 1176 Perjura
544 1119 704 1179 pugnaces
722 1102 863 1162 Achivos
885 1099 1056 1161 Hectoreis
1080 1103 1192 1176 opibus
1210 1117 1255 1162 re-

119 1213 277 1291 fringit.
308 1210 464 1270 Passerat.
493 1206 582 1281 Prop.
609 1205 658 1264 ltt
682 1206 713 1274 2,
737 1205 776 1262 44
812 1221 844 1278 p.
867 1202 937 1260 421.
992 1203 1103 1262 Barth.
1133 1203 1256 1264 Gulieln.

119 1317 194 1376 Brit.
220 1315 268 1373 Vl.
295 1313 362 1373 109.
387 1329 417 1385 p.
433 1310 502 1367 385.
548 1307 656 1367 lleins.
681 1307 770 1367 Prud.
792 1307 868 1385 περὶ
890 1327 980 1386 orep.
1005 1305 1042 1366 V.
1066 1306 1138 1365 432.
1160 1325 1187 1383 p.
1200 1306 1256 1365 tlt.

119 1418 198 1477 Add.
222 1419 334 1476 Lucan.
357 1413 393 1470 V.
411 1410 472 1472 596
497 1409 623 1469 victis
647 1408 864 1484 compagibus.
888 1407 996 1467 llamb.
1020 1413 1093 1466 tert.
1117 1409 1255 1469 tractis.

120 1521 182 1580 Vll.
207 1519 285 1580 851:
322 1517 477 1576 inlecta.
518 1512 586 1572 cod.
611 1513 693 1571 Cort.
724 1510 888 1570 infracta
922 1510 960 1568 cf.
988 1511 1134 1588 Brieger.
1164 1511 1258 1580 Philol

118 1623 211 1683 XXV.
235 1623 248 1680 1
275 1640 305 1696 p.
318 1621 357 1679 83
381 1616 581 1699 (lugemusz
607 1613 786 1688 vicimus).
821 1611 912 1687 Valg.
936 1630 966 1687 p.
994 1613 1065 1672 tto.

671 1830 729 1927 ll.

203 2033 261 2093 llic
283 2031 362 2091 milri
385 2034 565 2102 temperare
595 2043 656 2084 non
688 2040 818 2100 possum
848 2023 924 2098 quin
955 1990 1092 2083 strictim
1125 2024 1252 2100 ottingun

119 2136 206 2193 illurn
229 2132 269 2191 de
292 2128 464 2190 Amazonia
486 2125 592 2183 securi
615 2124 719 2183 locum
745 2143 771 2182 v.
798 2125 837 2184 18
860 2140 945 2199 squ:

610 2242 843 2312 Vindelici,
866 2243 1018 2318 quibus

371 2348 452 2408 lllos
474 2347 579 2407 unde
601 2346 802 2406 deductus
824 2362 898 2422 per
920 2360 1033 2405 omne

438 2452 609 2525 Tempus
631 2449 851 2509 Amazonia
874 2447 1009 2508 securi

329 2554 502 2613 Dextras
526 2553 724 2620 obarmet,
748 2569 889 2630 quaerere
911 2549 1012 2612 ttstrtt

330 2655 383 2714 llec
405 2653 480 2714 sclre
502 2653 547 2715 las
570 2653 749 2728 estante,
772 2652 822 2714 aetl
845 2653 911 2712 diu

374 2757 554 2829 Lateque
576 2755 779 2815 victrices
803 2760 997 2815 cateruae

435 2858 637 2918 Consiliis
658 2855 832 2928 juvenis
856 2857 1011 2933 refrtctce,

118 2998 209 3055 quern
233 2977 395 3050 Bentlejus
418 2982 454 3040 ab
479 2979 564 3039 omni
587 2977 825 3054 vituperatione
849 2993 886 3036 ac
908 2972 1101 3037 detrimento
1119 2978 1257 3038 sincemu

116 3084 338 3157 integrumque
361 3082 563 3141 conservavit
585 3079 834 3154 Sarbieviusque
858 3079 904 3140 ita
927 3079 1091 3156 probavit,
1120 3086 1155 3141 ut
1178 3089 1256 3154 quae·

115 3183 185 3242 dam
209 3181 283 3240 iude
306 3181 443 3242 delibato
465 3182 648 3242 transferret
673 3183 703 3242 in
728 3182 866 3242 carmina
887 3183 907 3241 l.
931 3181 1025 3242 modo
1051 3184 1102 3259 (L)
1119 3182 1163 3242 d.:
1192 3177 1256 3238 utin

116 3284 298 3343 revictos
322 3285 457 3344 consilio
482 3285 574 3345 dolos
596 3284 707 3348 Dicam
730 3285 870 3346 Plovoni.
905 3287 1018 3346 Cetera
1040 3284 1219 3345 distuli“
1235 3281 1257 3336 tl

116 3384 164 3441 lV.
185 3386 224 3443 29
249 3404 279 3462 p.
298 3388 371 3448 189:
396 3403 477 3447 nunc
501 3388 596 3446 etiarn
620 3393 726 3447 truces
751 3387 799 3446 Ad
823 3402 921 3446 saeva
943 3387 1019 3446 lerri
1040 3387 1182 3464 fulgura:
1205 3377 1258 3443 sol

115 3487 182 3546 diu
219 3488 372 3564 Neglecta
406 3492 562 3565 pacabunt
596 3488 758 3559 juventam
789 3489 900 3558 Otic“,
943 3505 1025 3549 nunc
1062 3489 1193 3564 plurimi
1229 3483 1258 3543 tle

116 3589 222 3649 Guieti
259 3591 448 3650 auctoritate
486 3592 641 3652 olfinnant
677 3593 848 3667 ‚‚ineptum
886 3608 960 3651 esse
997 3592 1200 3668 glosseme“‚
1234 3587 1260 3646 ul

113 3693 266 3752 Frankius
289 3693 369 3751 Fast.
394 3709 422 3766 p.
436 3693 507 3752 212.
542 3691 722 3754 Meinelsius
745 3712 775 3770 p.
798 3694 862 3754 llll.
896 3693 1048 3755 Lehrsius
1071 3712 1100 3770 p.
1115 3687 1262 3754 CXXVlll.

114 3794 357 3868 Heyneruannus
380 3793 420 3852 de
443 3794 590 3870 lnterpol.
622 3814 650 3871 p.
676 3797 724 3855 34.
770 3795 795 3855 Α
821 3813 883 3871 qua
904 3796 1039 3856 libidine
1073 3791 1165 3877 (quid
1189 3794 1263 3855 enim

114 3898 219 3956 levius
242 3892 383 3979 dicarn?)
407 3895 509 3956 omnis
533 3897 680 3958 assensio
695 3900 747 3957 vel
773 3898 893 3958 idcirco
909 3897 1089 3959 cohibenda
1102 3904 1164 3967 est,
1189 3893 1265 3973 quod

113 4015 224 4068 nemo,
249 3999 333 4075 quod
356 3998 471 4068 sciam,
495 3999 591 4069 illud,
616 4000 700 4075 quod
723 4001 860 4063 maxime
883 4001 1101 4060 necessarium
1124 4001 1195 4069 luit,
1219 4014 1265 4058 ex·

114 4102 236 4175 plorato
260 4103 406 4177 percepit
430 4103 684 4178 edisseruitque‚
715 4102 771 4177 qui
800 4102 872 4162 fieri
903 4102 1061 4179 potuerit,
1089 4107 1125 4161 ut
1149 4117 1216 4161 rem
1238 4105 1267 4159 ul

113 4205 199 4262 nullo
224 4212 351 4264 auctore
376 4207 533 4283 cognitam
558 4202 611 4286 (cf.
635 4205 723 4265 Serv.
746 4204 836 4283 Virg.
859 4206 937 4266 Aen.
964 4206 994 4264 l.
1009 4205 1068 4262 243
1094 4222 1125 4279 p.
1147 4200 1204 4284 48)
1227 4204 1269 4265 ita

113 4303 152 4363 od
174 4303 409 4366 Vindelicorum
438 4307 551 4368 laruam
575 4313 607 4366 et
631 4307 901 4368 existimationem
933 4322 1084 4383 perquam
1107 4305 1267 4384 insignem
