2806 4866
32 97 249 184 probabilius
273 95 388 164 scribi,
421 110 512 169 quam
533 94 726 166 reddeuS,
751 104 963 174 repet-eus,
994 105 1205 175 recolens,

31 203 214 280 fugiens
245 197 385 258 diximus
414 195 538 256 Subsio.
569 194 689 273 capit.
720 215 749 274 p.
766 195 810 282 8).
864 199 1056 278 Quamquam
1076 205 1207 271 brevius

38 305 133 374 idem
162 302 298 363 suadere
329 298 475 359 videmur
505 299 552 359 sio
574 316 689 376 posse,
720 299 748 360 si
778 299 921 363 dieamus
950 302 1206 383 interpretandae

38 407 139 471 vocis
171 391 307 465 renuit
337 401 440 479 gratia
470 418 489 462 a
517 403 731 479 grammaticis
761 404 906 464 alteram:
938 406 1077 468 timuit
1100 427 1207 487 super-

46 511 199 586 scriptam
221 507 322 567 luisse
353 505 390 567 ci.
414 505 506 565 Antb.
530 507 596 565 Lat.
620 504 751 576 Quintil.
775 507 882 568 Sedul.
905 508 936 568 ll.
960 509 1009 570 dd.

135 611 282 685 Denique
306 607 476 668 videndum
500 612 549 667 est
569 607 729 670 devertis
753 625 861 671 mare
883 612 1102 694 turbidum,
1126 631 1209 690 quae

53 735 75 779 a
100 731 167 773 vero
191 712 315 772 detorta
344 725 419 770 esse
443 714 476 768 et
498 709 691 771 firmissimis
724 715 920 790 argumentis
948 733 1043 792 supra
1067 735 1208 794 compro·
1261 686 1267 699 .

56 817 196 880 bavimus
220 821 252 874 et
275 813 370 873 facile
400 812 501 872 vel-ii
525 814 719 885 concedent,
749 817 804 891 qui
831 817 872 878 de
895 818 1046 893 reliquis,
1078 837 1209 894 quarum

60 926 199 983 auctores
222 917 357 986 fuimus,
386 915 615 976 mutationibus
645 917 831 980 existiment
863 937 960 997 posse
983 922 1111 1000 ambigi.
1157 927 1207 984 ,tt-

13 1092 19 1099 ,
65 1038 120 1099 que
142 1021 165 1082 ii
189 1019 333 1095 quidem,
366 1017 421 1093 qui
451 1018 670 1102 Peerlkampii
697 1020 737 1080 de
767 1039 827 1081 usu
850 1023 940 1084 vocis
969 1023 1132 1085 infamis
1157 1041 1209 1086 ex-

10 1144 18 1179 .=
66 1124 201 1201 plicantis
216 1119 391 1198 rationibus
404 1128 581 1192 moventur,
596 1122 734 1183 lortasse
749 1124 811 1185 boo
827 1126 1004 1202 prolerent:
1021 1133 1209 1188 monstra-

10 1242 24 1311 ζ,-
71 1226 120 1298 bui
135 1224 213 1287 vidit
236 1237 346 1285 mare·
362 1230 399 1283 et
422 1224 594 1285 horrido
615 1225 748 1286 infames
771 1229 951 1304 scopulos“
973 1224 1210 1311 (utAuson.1d.

10 1316 33 1429 f
72 1328 123 1389 lt.
144 1333 175 1390 5:
197 1343 303 1387 mare
327 1325 496 1404 nauliagus
519 1328 665 1388 horror
689 1327 890 1390 lniarnat.“
913 1329 986 1391 Hor.
1005 1330 1104 1408 Epod.
1120 1332 1156 1392 x.
1175 1334 1210 1392 3:

12 1440 24 1449 ‘
60 1431 244 1503 ‚horridis
274 1435 442 1504 utrumque
472 1432 623 1514 verberes
653 1430 753 1499 latus,
785 1433 918 1502 Auster,
948 1440 1105 1494 memento
1134 1435 1210 1496 ilu-

76 1533 220 1595 ·rtibus.“
266 1533 364 1594 Carm.
386 1531 436 1592 lli.
462 1532 512 1601 tl,
536 1534 594 1592 lb:
619 1531 789 1592 horrida
812 1565 853 1575 -
875 1532 1004 1593 vineunt
1033 1549 1212 1610 aequora

18 1678 20 1683 ι
78 1640 203 1697 tautae.“
227 1633 338 1696 Avien.
354 1634 464 1710 Progn.
480 1633 553 1718 72):
580 1651 638 1694 nos
662 1633 766 1709 ipsum
790 1634 839 1704 id,
864 1634 948 1710 quod
972 1653 1211 1713 supraponere

63 1728 171 1799 bont:
194 1743 361 1810 „monstra
384 1737 524 1796 natantia
568 1734 628 1806 Qui
652 1735 734 1795 vidit
756 1752 842 1797 mare
863 1738 1067 1810 turbido“‚
1102 1741 1143 1800 ob
1165 1741 1211 1807 ni-

47 1836 50 1841 '
79 1840 151 1902 'niiarn
173 1840 354 1902 sententiae
376 1839 540 1898 levitatem
563 1838 644 1899 adeo
667 1838 731 1910 jam
753 1856 935 1917 gravamur,
964 1847 999 1900 ut
1029 1841 1148 1919 insigni
1176 1843 1212 1903 li·
1281 1848 1288 1859 “

80 1941 231 2006 brariorum
244 1943 355 2004 fraude
370 1957 457 2001 mare
475 1940 681 2001 turbidum
697 1939 885 2002 arbitremur
898 1943 1089 2020 subrogatuu
1112 1944 1214 2004 fuisse

44 2106 47 2111 .
79 2038 216 2109 inlocum
239 2045 378 2108 nominis
401 2041 609 2103 ibericum.
656 2042 796 2119 Namque
819 2043 1024 2104 ibericum
1046 2061 1133 2105 mare
1150 2064 1213 2106 non

60 2144 178 2221 minus,
211 2167 305 2226 quam
326 2147 533 2222 Erythraeum
563 2141 724 2227 (Boobart.
748 2144 783 2204 ll.
821 2145 946 2207 Hieron.
970 2146 1006 2207 V.
1033 2148 1069 2209 12
1092 2146 1214 2232 prta)

54 2270 57 2275 ·
79 2245 175 2313 iniame
196 2251 346 2312 monstris
370 2249 471 2309 luisse
496 2248 588 2309 testis
613 2254 662 2308 est
678 2247 842 2324 Oppianus
855 2248 971 2310 nstv.
986 2251 1044 2311 bt:
1069 2247 1216 2313 Πολλὰκι

80 2353 121 2412 καὶ
139 2351 261 2431 νήεσσιν
283 2349 353 2434 ἄγει
377 2353 448 2425 δέος
471 2341 647 2414 ἀντιόωντα
664 2345 835 2435 Ἕσπέριον
864 2346 942 2414 κατὰ
965 2349 1087 2415 πόντον
1104 2343 1215 2434 Ἰβηρι-

64 2449 123 2545 viv
144 2456 260 2539 (κήτεα)
296 2454 327 2517 et
364 2474 444 2530 quos
480 2455 567 2516 addit
601 2455 838 2516 Wemsdorfius
871 2455 1010 2532 Halieut.
1032 2458 1071 2517 bd
1106 2474 1136 2531 p.
1156 2458 1214 2516 182

10 2573 44 2641 j
80 2554 103 2614 P.
121 2561 149 2620 L.
170 2562 208 2622 lt.
232 2563 264 2620 Τ.
288 2562 310 2620 l.
339 2559 378 2620 oi.
401 2556 545 2618 Parthen.
569 2557 605 2616 ir.
630 2556 680 2616 xl.
705 2576 734 2634 p.
751 2558 827 2618 267:
854 2545 990 2641 Ἰβηρίτῃ
1013 2551 1141 2618 πλεύσει
1164 2552 1217 2616 ἐπ’

17 2676 44 2731 li
82 2655 207 2751 αἷγιαλῲ.

10 2789 43 2833 ra
148 2769 227 2846 Ergo
251 2767 314 2826 boo
336 2768 531 2840 compertum
561 2767 658 2836 atque
682 2757 881 2836 exploratum
903 2756 1031 2818 videtur
1060 2773 1133 2828 esse
1156 2758 1216 2819 Ho-

10 2922 23 2936 ,,
81 2866 138 2928 ratii
164 2873 252 2932 illum
284 2847 388 2928 locum
418 2867 456 2924 ab
487 2863 580 2925 initio
617 2863 836 2940 consignatum
866 2860 966 2921 luisse
989 2861 1021 2921 in
1044 2862 1127 2921 bunc
1149 2862 1217 2922 iere

10 3000 31 3039 Ε.
81 2974 200 3035 modum:
236 2963 237 2967 ¹

274 3073 392 3145 Quem
414 3071 556 3133 mortis
579 3065 677 3131 renuit
698 3065 878 3143 gradum,

10 3201 22 3240 r
320 3167 1014 3239 llrsertisoeulismonstranatantia
1067 3188 1070 3193 ·

275 3277 352 3352 Qui
375 3275 483 3337 vidit
505 3289 609 3335 mare
636 3269 746 3335 llario·
771 3277 810 3330 et

11 3454 17 3463 f
320 3379 490 3440 infames
514 3374 715 3449 scopulos
737 3367 1069 3432 Acroceraunia?

74 3476 180 3549 Verum
215 3483 365 3560 quoniam
403 3482 436 3541 in
472 3478 584 3553 ultimo
620 3491 716 3536 versu
752 3475 883 3535 nimium
926 3473 1081 3535 laboravit
1116 3471 1221 3532 Peerl-

10 3574 23 3625 .'
70 3589 229 3666 lampius,
265 3586 399 3662 primum
436 3580 532 3643 Statii
561 3580 660 3639 Theb.
685 3577 734 3636 lll.
762 3578 838 3638 121:
872 3576 912 3637 Ut
942 3591 1019 3633 vero
1050 3574 1222 3633 infames

13 3665 18 3677 ι
64 3694 216 3773 scopulos
258 3691 437 3763 silvamque
478 3683 662 3773 profundam
705 3682 893 3745 Perventum
935 3676 1056 3762 (,‚dicit
1100 3677 1224 3753 pridem

63 3794 267 3876 Sphingis
293 3789 535 3852 insessione
560 3787 722 3847 iniames“
753 3784 859 3844 Sobol.
881 3781 950 3839 Vet.
974 3780 1094 3856 ptam
1118 3787 1150 3839 et
1172 3779 1223 3838 Vl.

62 3906 142 3968 155:
183 3896 350 3970 silvaeque
385 3890 549 3950 infamis
570 3889 712 3955 ¹tramite
749 3885 842 3959 liquit
881 3881 1093 3958 (,‚periculis,
1131 3900 1224 3957 quam

1015 3985 1033 4050 6
