2806 4866
205 622 278 682 illo:
307 622 462 699 frigida
491 621 687 682 llumina“
717 638 754 682 ao
783 637 912 696 prorsus
945 622 1108 699 indignum
1139 638 1178 682 eo
1211 623 1361 691 carmine,

205 725 289 802 quod
311 731 411 786 totum
434 724 498 801 ipsi
520 723 683 785 Meinekio
716 723 841 785 videtur
869 741 1018 802 graecum
1042 726 1361 802 exemplarspirare.

205 829 262 889 Gui
292 827 422 889 carmini
451 842 534 903 quae
558 828 653 887 verba
681 827 811 904 gravius
841 828 990 903 quiddam
1025 829 1172 889 sonantia
1203 826 1362 888 reddenda

205 931 285 1000 sint,
308 929 511 1007 perspicuum
534 930 609 990 lacit
632 930 735 1006 ipsum
759 928 837 991 illud
861 930 991 1006 parvi,
1017 930 1102 1005 quod
1124 947 1188 991 non
1208 931 1362 991 incertum

205 1038 422 1111 argumentum
445 1039 478 1092 et
502 1030 653 1093 indicium
675 1034 828 1094 habemus
858 1032 994 1110 insignis
1017 1032 1137 1094 fraudis
1160 1032 1361 1093 librariorum

206 1142 237 1195 et
260 1135 392 1197 levitate
423 1140 455 1194 et
485 1134 657 1196 inscientia
687 1135 852 1196 conflatae.
903 1134 1044 1210 Namque
1069 1135 1118 1194 illi
1142 1132 1225 1218 intra
1256 1135 1361 1211 cogni-

205 1239 325 1299 tionem
348 1231 505 1298 stetenrnt
527 1252 597 1298 cum
619 1253 744 1308 eorum,
769 1253 849 1312 qnos
864 1237 1045 1299 Meinekius
1069 1238 1131 1297 1.(1.
1154 1242 1259 1296 testes
1277 1237 1362 1298 dedit

206 1336 333 1422 (Lucan.
349 1339 397 1399 1Χ.
414 1340 484 1400 914.
519 1340 596 1401 Plin.
614 1340 647 1399 N.
662 1339 697 1400 H.
712 1340 748 1399 V.
766 1340 816 1410 36,
843 1341 893 1401 33.
929 1341 1030 1401 Strah.
1053 1357 1081 1416 p.
1098 1341 1146 1410 58.
1173 1338 1270 1424 662),
1299 1346 1361 1403 tum

205 1443 324 1503 Lucani
348 1442 396 1502 1Χ.
422 1445 498 1504 566;
535 1448 708 1519 conspecta
736 1448 786 1502 est
809 1461 935 1519 parva
958 1442 1097 1521 maligna
1119 1441 1230 1503 Unda
1254 1448 1359 1518 procul

206 1553 314 1606 vena“
339 1551 370 1606 et
393 1544 571 1620 Symmachi
594 1545 690 1606 Laud.
716 1544 926 1606 Valentinian.
941 1545 976 1605 ll.
993 1546 1031 1607 12
1054 1564 1084 1623 p.
1101 1546 1158 1606 23:
1189 1548 1360 1609 Tantumne

207 1648 307 1709 valuit
330 1649 442 1709 rivus
466 1649 597 1719 Iliacus,
620 1655 654 1709 ut
670 1649 703 1710 in
717 1648 871 1709 auxilium
880 1647 1016 1710 Vulcani
1033 1649 1157 1710 flamma
1172 1647 1358 1727 peteretur?

175 1791 178 1795 -
205 1751 380 1813 Profundns
403 1750 532 1821 didicit,
559 1751 634 1827 quid
658 1768 807 1827 pervus
831 1748 1040 1826 evaserit?“;
1065 1771 1124 1813 nos
1148 1753 1279 1830 quidem
1302 1757 1359 1817 hoc

205 1852 423 1928 persuasimus
446 1855 553 1915 nohis:
577 1854 707 1925 lamam,
732 1870 794 1929 qua
805 1852 986 1915 Scamandri
1003 1844 1094 1933 orig'o
1112 1856 1248 1918 illustris
1265 1865 1356 1928 esset,

182 1950 185 1955 ’
206 1956 368 2017 obscurari
391 1962 486 2032 atque
511 1957 603 2018 obrui
626 1962 771 2033 coeptam
800 1973 874 2016 esse
908 1958 993 2017 illam
1016 1958 1144 2034 quidem
1158 1960 1205 2019 ab
1230 1959 1354 2022 Horatio

205 2059 274 2130 his,
298 2073 380 2135 qnae
404 2059 590 2148 quibusdam
613 2060 749 2121 tortasse
772 2060 952 2121 videbimur
977 2061 1128 2121 audacius
1151 2062 1355 2135 conjectasse,

145 2168 148 2173 '
205 2165 376 2242 proditam:
1366 2179 1368 2182 ·

291 2269 342 2326 Te
365 2271 496 2326 manet
518 2265 746 2328 Assaracit
734 2267 878 2335 tellus,
902 2281 1012 2340 quam
1039 2266 1154 2347 fulgure
1177 2268 1276 2343 parti

354 2369 527 2430 Findunt
549 2368 784 2430 Scamandri
806 2368 985 2428 flumina.
1384 2409 1401 2429 ..-

206 2473 300 2545 Cujus
324 2473 425 2534 lamae
448 2478 550 2533 testes
573 2479 645 2532 sunt
667 2472 849 2536 Scholiasta
870 2471 957 2533 Hom.
981 2471 1164 2532 11.Χ1Χ.“14
1187 2492 1220 2550 p.
1235 2474 1299 2543 634,
1312 2475 1388 2534 31
1378 2495 1401 2585 Γ·

206 2584 239 2638 et
262 2576 324 2637 XX
341 2577 359 2635 2
384 2593 412 2650 p.
429 2576 542 2645 3662
568 2574 685 2637 Anecd.
711 2575 989 2651 0x011.1.p.,386
1010 2575 1056 2634 13.
1080 2575 1308 2652 Arseniuspi
1294 2574 1399 2634 2363

207 2698 281 2756 sq:
309 2674 452 2750 Ζεῦς-
475 2671 600 2760 ῥίψας
628 2673 825 2757 κεραυνὸν
853 2670 989 2738 ἀνέδωκε
1014 2672 1133 2759 μικρὰν
1161 2669 1401 2757 13333331

205 2770 452 2861 θεασάμενοςε
434 2800 452 2839 ο
476 2773 635 2863 Ἡρακλῆς
664 2779 752 2860 δίψει
781 2781 993 2861 κατασχεθεὶς
1021 2782 1074 2842 καὶ
1102 2772 1230 2861 σκάψας
1255 2773 1334 2853 alc
1311 2799 1336 2840 το
1387 2792 1401 2833 t

206 2878 443 2962 πλουσιώτερον
472 2882 736 2964 κατειςφέρεσθαι
764 2878 971 2963 μετωνόμασε
998 2877 1209 2966 Σκάμανδρον
1242 2880 1295 2966 (εἴς
1314 2901 1336 2942 τε
1385 2892 1399 2931 θ

205 2979 443 3067 πλουσιώτερον
454 2982 585 3063 ἐποιησε
599 2986 760 3070 φέρεσθαι
772 3009 828 3049 και
817 2982 895 3048 3ιά
910 2981 1337 3071 τοῦτοΣκοῖμαν3ροςΑοοοελ)
1386 2993 1401 3046 ξῖ

206 3092 243 3152 cl.
256 3091 355 3167 Etym.
369 3090 407 3151 M.
431 3109 461 3167 p.
477 3092 549 3160 115,
565 3091 615 3150 36.
639 3091 741 3150 Τεοιτ.
757 3092 829 3166 Lyc.
844 3089 905 3151 336
929 3108 959 3165 p.
960 3085 1049 3154 313.
1073 3090 1202 3151 Bachet.
1216 3091 1255 3151 de
1265 3088 1330 3148 On
1331 3134 1335 3144 .

205 3187 306 3271 Epist.
322 3195 343 3253 l.
367 3211 401 3269 p.
412 3193 470 3254 421
489 3211 534 3269 sq.
559 3199 592 3253 et
615 3193 669 3267 qui
684 3192 906 3254 Scamandrum
929 3193 1013 3266 δῖον,
1037 3192 1221 3254 divinum
1244 3194 1335 3253 humen

206 3301 369 3365 vocarunt,
379 3294 536 3356 Homerus
550 3295 583 3355 11.
598 3295 675 3355 ΧΧ1.
690 3297 725 3355 2;
749 3289 885 3362 Ξάνθον
908 3292 1075 3376 δινήεντος,
1093 3289 1131 3359 ὃν
1153 3291 1337 3364 ἀθάνατος

207 3399 345 3463 τέκετο
369 3391 469 3472 Ζεύς
495 3394 571 3481 (Dio
596 3399 704 3474 Chrys.
727 3397 860 3458 ΧΧΧ111.
883 3418 912 3476 p.
929 3401 1001 3470 433,
1017 3402 1045 3460 2.
1081 3400 1221 3461 Eustath.
1237 3398 1295 3458 Χ11.
1309 3395 1336 3456 26

210 3521 241 3579 p.
257 3488 330 3573 aso,
348 3500 402 3585 m)
425 3507 457 3562 et
480 3500 730 3577 auctornnpn.
747 3503 817 3564 ora.
841 3504 1062 3565 nernnosu.
1076 3504 1127 3564 rm.
1142 3501 1177 3562 u.
1193 3504 1220 3563 a.
1245 3501 1337 3579 μιαν.

207 3604 316 3679 ltaque
340 3605 556 3679 quadrarum
580 3610 643 3665 est:
677 3605 800 3681 parti,
824 3605 936 3666 eodem
958 3606 1042 3682 apud
1063 3605 1228 3667 Horatium
1251 3615 1337 3665 errore
1394 3598 1401 3655 ῗ

208 3708 415 3783 depravatum
435 3706 738 3783 esse'intelligitnr,
763 3725 825 3784 qno
849 3708 933 3784 apud
955 3707 1214 3784 Propertium
1233 3708 1272 3795 111
1283 3701 1337 3790 (IV)
1399 3734 1401 3750 ν

209 3813 236 3881 1,
262 3807 318 3870 27:
357 3808 683 3883 6116611616·ροενκί
719 3827 776 3885 pro
806 3811 874 3870 his:
904 3810 998 3871 ldaeo
1023 3811 1053 3871 in
1078 3808 1242 3872 Simoente
1268 3807 1337 3870 toris
1397 3803 1401 3811 “

171 3896 174 3901 ’
206 3911 409 3974 connubia
438 3916 579 3986 parta“
609 3911 808 3973 inveterasse
844 3914 1009 3987 copiosius
1037 3913 1188 3973 Emendd.
1217 3913 1336 3988 Propert
1398 3908 1401 3917 '

205 4016 340 4094 Specim.
355 4013 390 4073 V.
421 4032 451 4090 p.
469 4013 506 4075 14
523 4029 568 4089 sq.
599 4014 762 4077 docuimus
786 4017 938 4077 adversus
961 4016 1131 4092 Hauptium
1154 4015 1280 4077 omnino
1299 4007 1336 4073 ad·

206 4120 390 4197 stipulatum
426 4116 512 4178 Gust.
543 4116 672 4176 Wollfio
706 4116 800 4188 hujus
830 4119 951 4180 inventi
982 4118 1119 4180 auctori:
1154 4116 1279 4181 Idaeum
1302 4109 1335 4172 Si·
1386 4112 1399 4144 ³¹

207 4228 334 4284 moenia
355 4223 443 4283 lovis
467 4239 551 4283 cum
573 4222 693 4298 prole
716 4219 994 4295 Scamandro.“
1397 4204 1401 4256 λ

77 4482 268 4668 ι
