2806 4866
669 320 713 391 td

649 541 733 634 xx.

196 701 242 761 Ex
266 699 324 768 iis,
361 713 442 774 qnae
471 697 666 773 grammatici
699 698 768 755 sine
794 699 1067 772 interpretationis
1092 700 1164 758 sive
1190 719 1266 760 corn-

114 803 287 880 parationis
324 801 426 878 gratia
460 798 643 858 adscribere
675 800 936 869 consuevissent,
975 803 1005 860 in
1045 804 1115 876 ipsa
1145 802 1266 862 Horatii

111 906 249 967 carmina
278 903 357 964 labis
393 899 515 976 aliquid
547 901 680 960 fluxisse
713 909 743 959 et
774 919 869 976 supra
900 899 939 983 (l.
963 905 999 963 ll.
1025 904 1073 962 lV.
1099 904 1182 963 Vlll.
1207 905 1266 963 iill.

110 1007 220 1090 rivin)
254 1004 408 1080 suspicati
438 1019 545 1062 snmus
570 1009 664 1063 etex
697 1003 771 1063 aliis
800 1005 881 1064 locis
907 1006 1031 1066 ridetur
1060 1025 1121 1066 non
1148 1014 1267 1066 temere

109 1111 228 1187 colligi.
274 1106 410 1177 Quorum
433 1105 575 1164 ordinent
599 1105 710 1165 ducam
733 1124 752 1165 a
774 1122 867 1166 versu
892 1107 913 1166 l.
940 1111 988 1177 lt,
1013 1110 1067 1167 22ε

749 1224 819 1267 nec
841 1208 998 1272 Semeleius

322 1311 410 1370 Cum
433 1308 558 1368 lllarte
588 1310 810 1370 conl'undet
833 1313 1050 1387 Thyoneus

365 1413 545 1473 Proelia.

107 1518 197 1590 Quod
220 1516 303 1577 enim
327 1534 383 1592 pro
408 1515 588 1589 incorrupto
613 1522 709 1590 atque
733 1517 857 1592 integro
881 1516 936 1576 din
952 1534 1061 1577 omnes
1079 1519 1266 1589 habuerant,

107 1621 139 1682 id
163 1621 194 1680 in
219 1619 292 1679 vitii
322 1616 538 1690 suspicionem
567 1617 694 1675 tandem
722 1618 852 1678 adduxit
883 1619 1045 1679 llanonins
1077 1622 1108 1679 in
1145 1640 1205 1682 suo
1229 1623 1266 1680 de

106 1720 318 1796 Theophrasti
342 1720 483 1778 Charact.
508 1718 629 1777 libello.
682 1721 845 1779 Adversus
876 1739 969 1796 quem
1000 1739 1083 1797 quae
1107 1724 1265 1802 Bergkius

104 1826 217 1887 Philol.
240 1824 318 1883 XVI.
345 1824 361 1880 l
394 1823 495 1897 pter
531 1821 721 1897 interposita
752 1824 815 1883 lide
845 1824 949 1885 Hostii
980 1842 1030 1899 ap.
1054 1825 1194 1887 hlacroh.
1218 1828 1265 1886 Vl.

106 1935 135 1999 d,
160 1930 194 1988 8:
229 1926 377 2003 Apollo
406 1923 602 1984 Latonius
634 1932 665 1983 et
689 1925 783 1985 Statii
807 1927 885 1986 Silv.
910 1928 932 1985 l.
957 1929 986 1997 2,
1011 1928 1089 1987 22οῑ
1132 1929 1263 1989 Seme·

105 2032 216 2091 leins
238 2029 344 2089 Evan
368 2027 560 2102 disputavit,
592 2043 630 2087 ea
653 2028 732 2086 nihil
758 2030 865 2089 valere
897 2030 967 2107 ipse
998 2030 1165 2092 llanovius
1188 2032 1260 2091 lllns.

103 2130 325 2192 Rhenxvte
351 2148 380 2205 p.
399 2129 458 2188 311
490 2145 564 2187 nere
595 2130 703 2189 docuit
734 2131 791 2189 ille
823 2132 950 2205 quidem
981 2133 1063 2192 lalso
1089 2134 1151 2195 sibi
1173 2135 1256 2192 visns

102 2251 218 2296 nomen
250 2233 481 2293 Semeleius
521 2232 552 2290 in
583 2233 662 2291 haec
691 2233 753 2291 duo
782 2236 947 2294 commode
980 2236 1159 2297 diduxisse:
1196 2250 1250 2292 nec

102 2339 229 2398 semul
251 2333 406 2418 (simul)
430 2335 592 2394 Euhius.
638 2333 724 2406 Quae
747 2335 886 2396 Linliero
911 2339 1003 2398 valde
1027 2341 1160 2413 probata
1179 2337 1252 2395 lerri

100 2449 206 2502 lamen
230 2440 316 2499 nullo
340 2446 431 2512 pacto
457 2445 607 2513 possunt,
633 2456 725 2513 quam
745 2441 829 2499 enim
848 2441 909 2500 nim
927 2459 1001 2518 prae
1018 2459 1054 2501 se
1070 2445 1156 2502 serre
1172 2442 1255 2501 dices

102 2545 245 2604 voculam
274 2541 394 2601 simul
425 2547 478 2600 aut
509 2558 571 2615 qna
601 2541 724 2600 ratione
747 2544 885 2619 legentis
909 2546 1046 2604 animum
1078 2546 1142 2605 isto
1166 2545 1256 2606 Euhii

100 2647 290 2724 cognomine
319 2644 467 2719 apparari
496 2644 534 2702 ad
563 2643 802 2719 percipiendam
836 2646 1028 2708 mentionem
1053 2643 1256 2723 Thyonei‘l

101 2751 233 2810 Adeone
256 2747 398 2807 difficilis
428 2747 487 2805 luit
510 2746 549 2806 ad
574 2738 828 2824 investigandum
859 2756 890 2808 et
913 2751 1128 2826 detegendum
1154 2768 1256 2812 eorum

101 2870 204 2921 error,
236 2852 290 2935 qni
315 2850 399 2925 qnod
423 2850 652 2925 interpretandi
676 2851 814 2910 nominis
838 2853 1056 2927 Thyoneus
1080 2856 1186 2931 gratia
1208 2855 1256 2914 ad·
1292 2822 1297 2913 l

99 2956 251 3032 scriptum
277 2952 476 3013 invenissent
492 2953 726 3013 Semeleius
752 2951 826 3035 (hoc
843 2956 928 3015 enim
941 2956 1067 3016 tradunt
1082 2958 1255 3018 fabularum

98 3065 258 3118 auctores:
296 3055 472 3126 Semele,
506 3057 614 3116 Cadmi
637 3057 720 3126 filio,
752 3073 832 3131 quae
864 3065 895 3117 et
918 3060 1080 3134 Thyone
1112 3060 1254 3121 dicitur“

97 3160 253 3236 Mythogr.
277 3157 312 3217 ll.
337 3159 376 3217 19
400 3174 429 3233 p.
449 3158 519 3227 102,
548 3163 573 3218 l.
606 3159 708 3218 Wess.
721 3159 814 3221 Diod.
831 3159 880 3219 lll.
905 3175 934 3233 p.
953 3161 1024 3230 231,
1051 3163 1100 3222 lt.
1139 3161 1252 3223 Schoe-

97 3281 199 3324 marm.
224 3263 338 3338 Opusc.
361 3261 396 3320 ll.
430 3279 458 3336 p.
477 3263 534 3321 135
560 3259 640 3343 sip),
673 3260 793 3338 insigni
825 3263 998 3322 litterarum
1031 3264 1252 3334 similitudine,

97 3383 160 3442 qua
186 3371 361 3442 congruunt
386 3362 494 3422 leius
518 3371 549 3422 et
573 3365 681 3424 lenis
707 3372 737 3423 et
760 3365 991 3426 Semeleius
1016 3375 1048 3426 et
1072 3369 1251 3430 stimulis

74 3467 203 3529 lovis
233 3469 285 3527 ver
315 3466 449 3526 sanun
480 3467 579 3526 ravis
609 3453 718 3548 (mon.
743 3467 797 3528 sn.
820 3470 856 3526 v.
882 3471 942 3553 aaa
976 3469 1100 3554 pan>
1135 3472 1251 3533 inrum

95 3569 128 3630 in
152 3571 258 3646 ipsum
283 3585 353 3629 enm
378 3568 481 3627 locum
505 3570 695 3639 intulerunt,
719 3570 773 3646 qui
797 3573 928 3632 haberet
952 3589 1049 3633 voces

711 3690 784 3734 nec
807 3673 931 3738 sununs
955 3676 1025 3739 levis

305 3775 393 3835 Cum
416 3777 540 3836 Marte
564 3778 785 3837 confundet
810 3779 1026 3853 Thyoneus

347 3877 513 3940 Proelia

90 3980 130 4040 ab
154 3976 286 4040 Horatio
312 3978 342 4037 in
367 3979 448 4039 hanc
472 3983 663 4043 sententiam
687 3983 839 4058 scriptas:
865 3984 920 4058 qui
943 3984 1082 4044 stimulis
1099 3985 1185 4046 levis
1205 3992 1248 4044 est

89 4080 170 4142 deus
199 4100 262 4142 non
291 4090 340 4142 est
370 4084 544 4157 periculum
575 4102 615 4145 ne
645 4087 770 4159 proelia
801 4105 857 4147 sua
887 4105 955 4147 cum
980 4088 1089 4149 Martis
1114 4091 1248 4163 proeliis

88 4180 282 4245 confundet?
308 4185 358 4262 (cl.
375 4186 477 4247 Pacat.
494 4189 564 4248 Pan.
583 4188 714 4249 xxxin.
743 4192 775 4249 1:
810 4193 941 4252 Actiaco
966 4190 1140 4266 aliquando
1165 4195 1247 4253 bello

87 4283 222 4349 ducibus
247 4290 450 4364 moribusque
473 4292 621 4350 Romanis
647 4294 817 4369 peregrina
835 4297 1003 4372 Aegyptus
1027 4313 1135 4357 arma
1160 4313 1246 4374 per-

14 4364 135 4560 N
