2806 4866
674 312 719 381 22

117 492 165 545 tra
194 484 329 555 Bentleii
367 485 575 545 subtilitatem
616 486 753 546 invictus
782 492 813 545 et
843 481 967 543 doctior
997 482 1200 554 Welekero,
1238 486 1283 559 qui

119 586 280 658 „juvenes
304 580 507 667 κωμάζοντας
528 594 665 648 armatos
689 587 819 647 luisse“
844 591 939 663 negat
963 584 1119 646 Philostr.
1147 585 1204 645 lm.
1228 586 1248 644 l.
1269 588 1282 646 1

119 709 148 766 p.
175 691 245 750 206.
301 693 366 752 tam
398 691 474 766 quid
505 691 600 761 illud,
633 692 717 766 quod
747 707 839 751 nemo
867 689 970 749 adlrue
998 688 1283 749 animadversione

118 794 247 871 dignunr
270 791 384 856 duxit?
414 812 483 854 cunr
514 801 600 854 recte
630 801 726 869 atqne
758 794 870 855 ordine
902 794 963 853 lroc
985 792 1057 852 fieri
1083 799 1282 867 compertum

118 900 306 968 habeamus
330 899 357 959 si
382 899 453 972 (11111Ι
477 898 655 959 defunctam
679 899 764 958 bello
788 899 887 973 lyram
912 896 1079 969 intemplo
1096 896 1283 970 suspendat,

120 1003 191 1076 apris
224 1002 350 1062 tandem
383 1015 438 1074 pro
469 1009 557 1062 certo
590 1004 821 1077 exploratoque
860 997 1065 1060 affirmaverit
1100 999 1231 1058 lunalie
1259 1005 1282 1056 et

119 1111 229 1164 vectes
262 1110 450 1179 ceteraque,
486 1121 567 1180 uuae
597 1105 714 1165 amoris
744 1106 952 1165 instrumenta
974 1107 1092 1162 uocant
1119 1104 1231 1162 Acron
1259 1109 1284 1162 et

119 1207 334 1282 Porphyrion,
366 1224 498 1281 quornm
529 1207 656 1283 quidem
685 1227 761 1267 usus
793 1208 872 1267 nilril
904 1205 1101 1281 profuisset,
1139 1223 1159 1265 a
1185 1206 1283 1265 seruis

120 1316 287 1384 apportato
316 1310 435 1370 Veneri
471 1311 618 1372 dedicata
655 1308 779 1371 luisse?
846 1310 942 1380 Quam
979 1324 1075 1382 porro
1116 1308 1283 1368 commode

121 1411 225 1471 animo
259 1412 418 1472 informari
449 1421 542 1487 putas
572 1421 699 1487 poetam
730 1415 760 1472 in
786 1411 994 1488 expugnando
1019 1410 1154 1485 puellae
1179 1427 1282 1470 amore

122 1513 331 1586 lepidissimis
363 1516 726 1579 carminumillecebris
767 1512 971 1574 illiberalinm
1002 1513 1283 1574 instrumentorum

121 1614 184 1674 vim
209 1616 381 1678 addendam
405 1616 528 1679 ratum?
554 1634 710 1694 quamque
733 1619 819 1677 bello
844 1622 916 1675 sunl
930 1615 1118 1690 spectaculo
1138 1615 1283 1677 dominus

122 1720 193 1793 ipse
224 1720 323 1795 lyram
353 1737 566 1795 suspensurus
590 1738 626 1780 ac
653 1736 815 1780 servorum
840 1720 929 1778 turba
959 1717 990 1776 in
1015 1718 1134 1777 eodem
1160 1719 1282 1793 pariete

123 1829 233 1882 vectes
259 1823 442 1898 funaliaque
463 1823 589 1895 jamjam
612 1819 766 1884 alfiuura?
814 1821 935 1892 Quanto
959 1820 1201 1882 consideratius
1217 1823 1282 1883 Ser-

121 1927 265 1995 bieuius,
290 1934 465 2001 perpetuus
489 1928 613 1988 Horatii
638 1927 796 1996 imitator,
820 1927 858 1986 ad
883 1926 1002 1984 amicos
1026 1925 1153 1984 haecce
1176 1927 1280 1986 11132
1319 1954 1323 2019 4

122 2044 151 2102 p.
170 2030 243 2088 137:
275 2031 397 2099 „Vixi
422 2031 546 2091 canoris
571 2046 700 2104 nuper
724 2030 902 2090 idoneus
928 2029 1055 2088 Vates
1078 2030 1277 2090 Camenis:

120 2129 182 2200 jam
214 2133 355 2191 citharae
387 2140 477 2191 vetor
507 2133 659 2191 Sermone
694 2132 1005 2204 defunctumque
1036 2131 1164 2210 longo
1187 2134 1269 2190 Bar-

123 2232 237 2291 biton
264 2234 461 2308 ingeminare
485 2241 615 2293 cautu.
665 2236 733 2294 Jam
765 2234 877 2294 terlata
907 2234 1013 2293 fistula
1037 2252 1111 2295 cnm
1132 2233 1263 2309 11111111-

122 2335 241 2408 pendet
269 2352 367 2396 nnco:
403 2339 582 2413 rumpite
613 2339 735 2398 tinnula
763 2338 893 2397 Vocalis
922 2337 1065 2412 argenti,
1099 2336 1272 2401 sodales,

123 2440 188 2500 Fila
213 2457 492 2517 supervacuosque
517 2454 665 2503 nervos.“

206 2561 305 2620 Vides
338 2561 434 2637 igitur
465 2571 580 2636 qrranta
610 2564 651 2622 sit
683 2569 713 2620 et
743 2578 845 2620 rerum
878 2568 909 2620 et
935 2562 1103 2620 verborum
1131 2561 1281 2634 pravitas.

124 2664 157 2722 ln
182 2680 273 2736 (piram
296 2672 330 2723 ut
353 2664 599 2740 detorqueretur
621 2681 696 2723 vcra
720 2671 836 2739 poetae
861 2665 979 2724 oratio:
1010 2663 1085 2722 hinc
1109 2664 1190 2734 ite,
1214 2664 1285 2724 hinc

124 2766 265 2837 procul
297 2768 440 2838 incita,
472 2768 619 2828 effectum
650 2775 700 2827 est
730 2768 862 2826 levitate
893 2767 1094 2827 librariorum
1128 2769 1162 2828 in
1194 2785 1285 2827 unum
1321 2760 1323 2783 '

124 2867 344 2940 conflantium,
369 2887 451 2945 qrtae
474 2877 583 2930 essent
606 2870 812 2947 sejungenda.
858 2869 891 2929 Si
916 2869 1001 2928 euim
1023 2870 1172 2941 litteras,
1207 2885 1286 2946 qarae

124 2971 205 3029 male
236 2973 399 3042 coierunt,
424 2975 498 3033 bas:
528 2974 667 3033 lucida
698 2974 745 3033 sic
775 2973 958 3032 direrneris:
1000 2971 1160 3043 licida,
1194 2975 1286 3034 lecile

124 3091 280 3151 agnosces
312 3095 423 3138 vocem
460 3079 588 3137 incita
619 3074 680 3158 (sic
710 3078 795 3137 euim
826 3092 920 3150 supra
944 3078 956 3135 l
983 3075 1118 3135 vidimus
1146 3079 1284 3137 oderit

125 3178 276 3250 scriptum
309 3194 365 3250 pro
397 3198 459 3238 non
490 3180 591 3237 terit
624 3187 656 3237 et
680 3179 748 3237 Vlll
779 3179 933 3240 aliunde
971 3196 1027 3253 pro
1060 3185 1128 3238 rate
1163 3186 1284 3240 eurrte

124 3279 187 3338 uid.
202 3279 328 3349 Quaest.
344 3282 384 3340 da
401 3282 539 3341 Tanusia
556 3281 689 3343 Gemino
704 3282 752 3341 lV.
779 3300 809 3356 p.
825 3284 874 3341 28.
899 3283 975 3341 Stat.
989 3282 1053 3342 Ecl.
1068 3283 1123 3340 nlt.
1152 3299 1183 3356 p.
1198 3280 1282 3365 303),

125 3382 262 3441 litteram
286 3384 295 3441 l
319 3390 422 3444 antem
447 3385 611 3462 intelliges
635 3385 867 3462 adjungendam
890 3387 932 3446 iis
957 3384 1092 3454 litteriS,
1125 3403 1211 3461 qnae
1237 3403 1282 3445 su-

125 3491 256 3558 persunt
280 3488 435 3561 exemptis
460 3488 533 3548 hino
558 3490 674 3549 litteris
699 3491 773 3559 ite,
804 3505 886 3563 quae
910 3505 1004 3563 quum
1027 3490 1064 3549 ab
1089 3489 1142 3559 iis,
1169 3490 1283 3564 quibus

123 3587 226 3646 fraudi
257 3587 315 3646 luit
341 3608 401 3649 vox
425 3590 519 3651 hinc
549 3594 598 3652 bis
631 3594 738 3667 posita
767 3589 886 3674 (hinc
917 3592 961 3651 ite
985 3589 1111 3674 hino),
1143 3593 1282 3652 omissae

125 3706 219 3764 supra
241 3690 379 3750 adscribi
412 3701 546 3768 coeptae
577 3703 700 3766 essent,
731 3702 846 3770 postea
875 3693 905 3753 in
939 3696 1108 3754 verborum
1138 3694 1281 3755 ordinem

895 3797 941 3855 ite

124 3885 333 3956 praepostere
365 3881 473 3941 illatae
497 3899 570 3942 esse
593 3884 776 3944 videantur:
806 3885 882 3944 hinc
903 3897 987 3962 porr,
1018 3882 1092 3942 hinc
1117 3884 1280 3957 ponite:

123 3983 211 4059 (hinc
235 3983 314 4067 ite)
340 3984 414 4044 hinc
439 3988 612 4059 procul.“
656 3987 723 4056 Quo
748 3987 875 4061 quidem
900 3985 1054 4047 orationis
1069 4001 1192 4062 genere
1207 3986 1280 4062 quid

124 4092 177 4146 ent
200 4087 399 4162 frequentius
424 4096 477 4148 aut
500 4086 630 4163 aptius?
653 4089 721 4148 Tib.
746 4091 767 4149 l.
795 4091 822 4159 l,
846 4091 901 4149 89:
936 4089 1017 4159 Vos,
1048 4087 1141 4165 signo
1173 4091 1280 4150 tubac-

125 4205 203 4261 qne,
235 4191 291 4250 lte
315 4194 467 4265 procul.
493 4192 541 4251 lll.
567 4194 595 4261 l,
620 4192 648 4251 3.
674 4193 702 4261 d,
727 4195 762 4251 l:
792 4193 851 4252 lte
875 4193 1034 4267 procul,
1066 4190 1197 4261 durum,
1230 4211 1278 4253 cu-

124 4305 194 4359 rae,
223 4309 341 4368 genns,
373 4297 428 4355 ite
454 4295 610 4354 labores“
644 4291 801 4375 (Sarbiev.
825 4295 875 4354 lll.
903 4297 938 4354 16
970 4312 999 4369 p.
1020 4296 1094 4355 lut:
1125 4292 1173 4352 lte
1199 4313 1278 4356 mor·
