<?xml version="1.0" encoding="UTF-8"?>
<!DOCTYPE html PUBLIC "-//W3C//DTD XHTML 1.0 Transitional//EN"
    "http://www.w3.org/TR/xhtml1/DTD/xhtml1-transitional.dtd">
<html xmlns="http://www.w3.org/1999/xhtml" xml:lang="en" lang="en">
 <head>
  <title>
</title>
<meta http-equiv="Content-Type" content="text/html;charset=utf-8" />
  <meta name='ocr-system' content='tesseract 3.04.00' />
  <meta name='ocr-capabilities' content='ocr_page ocr_carea ocr_par ocr_line ocrx_word'/>
</head>
<body>
  <div class='ocr_page' id='page_1' title='image "./emendationeshor00ungegoog_0039.png"; bbox 0 0 2806 4866; ppageno 0'>
   <div class='ocr_carea' id='block_1_1' title="bbox 707 316 752 386">
    <p class='ocr_par' dir='ltr' id='par_1_1' title="bbox 707 316 752 386">
     <span class='ocr_line' id='line_1_1' title="bbox 707 316 752 386; baseline -0.022 0"><span class='ocrx_word' id='word_1_1' title='bbox 707 316 752 386; x_wconf 78' lang='lat'><strong>80</strong></span> 
     </span>
    </p>
   </div>
   <div class='ocr_carea' id='block_1_2' title="bbox 133 482 1303 766">
    <p class='ocr_par' dir='ltr' id='par_1_2' title="bbox 133 482 1303 766">
     <span class='ocr_line' id='line_1_2' title="bbox 133 482 1303 564; baseline 0.004 -23"><span class='ocrx_word' id='word_1_2' title='bbox 133 482 343 564; x_wconf 68' lang='grc'><strong>(11111111)</strong></span> <span class='ocrx_word' id='word_1_3' title='bbox 378 485 476 544; x_wconf 79' lang='lat' dir='ltr'><strong>rerba</strong></span> <span class='ocrx_word' id='word_1_4' title='bbox 502 486 573 547; x_wconf 85' lang='lat' dir='ltr'><strong>illa:</strong></span> <span class='ocrx_word' id='word_1_5' title='bbox 611 494 797 561; x_wconf 85' lang='lat' dir='ltr'><strong>amatque</strong></span> <span class='ocrx_word' id='word_1_6' title='bbox 826 485 946 555; x_wconf 87' lang='lat' dir='ltr'><strong>janua</strong></span> <span class='ocrx_word' id='word_1_7' title='bbox 968 485 1091 544; x_wconf 88' lang='lat' dir='ltr'><strong>lirncn</strong></span> <span class='ocrx_word' id='word_1_8' title='bbox 1116 487 1240 546; x_wconf 89' lang='lat' dir='ltr'><strong>vitiose</strong></span> <span class='ocrx_word' id='word_1_9' title='bbox 1265 487 1303 546; x_wconf 87' lang='lat' dir='ltr'><strong>ila</strong></span> 
     </span>
     <span class='ocr_line' id='line_1_3' title="bbox 135 585 1301 665; baseline 0.006 -24"><span class='ocrx_word' id='word_1_10' title='bbox 135 586 232 645; x_wconf 72' lang='lat' dir='ltr'><strong>scribi</strong></span> <span class='ocrx_word' id='word_1_11' title='bbox 250 585 444 660; x_wconf 81' lang='lat' dir='ltr'><strong>suspicatus.</strong></span> <span class='ocrx_word' id='word_1_12' title='bbox 477 587 609 649; x_wconf 76' lang='lat' dir='ltr'>Scilicet</span> <span class='ocrx_word' id='word_1_13' title='bbox 621 587 809 660; x_wconf 85' lang='lat' dir='ltr'><strong>janitricern,</strong></span> <span class='ocrx_word' id='word_1_14' title='bbox 833 587 939 655; x_wconf 89' lang='lat' dir='ltr'><strong>credo,</strong></span> <span class='ocrx_word' id='word_1_15' title='bbox 966 587 1012 644; x_wconf 85' lang='lat' dir='ltr'><strong>vir</strong></span> <span class='ocrx_word' id='word_1_16' title='bbox 1027 588 1237 648; x_wconf 80' lang='lat' dir='ltr'><strong>doctissimus</strong></span> <span class='ocrx_word' id='word_1_17' title='bbox 1252 592 1301 665; x_wconf 80' lang='lat' dir='ltr'><strong>Ly-</strong></span> 
     </span>
     <span class='ocr_line' id='line_1_4' title="bbox 137 686 677 766; baseline 0.007 -21"><span class='ocrx_word' id='word_1_18' title='bbox 137 686 222 746; x_wconf 86' lang='lat' dir='ltr'><strong>diam</strong></span> <span class='ocrx_word' id='word_1_19' title='bbox 249 687 352 746; x_wconf 83' lang='lat' dir='ltr'><strong>luisse</strong></span> <span class='ocrx_word' id='word_1_20' title='bbox 378 688 442 750; x_wconf 83' lang='lat' dir='ltr'><strong>sibi</strong></span> <span class='ocrx_word' id='word_1_21' title='bbox 465 697 677 766; x_wconf 81' lang='lat' dir='ltr'><strong>persuaserat.</strong></span> 
     </span>
    </p>
   </div>
   <div class='ocr_carea' id='block_1_3' title="bbox 684 841 766 937">
    <p class='ocr_par' dir='ltr' id='par_1_3' title="bbox 684 841 766 937">
     <span class='ocr_line' id='line_1_5' title="bbox 684 841 766 937; baseline -0.037 0"><span class='ocrx_word' id='word_1_22' title='bbox 684 841 766 937; x_wconf 85' lang='lat' dir='ltr'><strong>XV.</strong></span> 
     </span>
    </p>
   </div>
   <div class='ocr_carea' id='block_1_4' title="bbox 69 996 1304 4376">
    <p class='ocr_par' dir='ltr' id='par_1_4' title="bbox 114 996 1304 3752">
     <span class='ocr_line' id='line_1_6' title="bbox 224 996 1022 1076; baseline -0.003 -18"><span class='ocrx_word' id='word_1_23' title='bbox 224 996 314 1068; x_wconf 81' lang='lat' dir='ltr'><strong>Quae</strong></span> <span class='ocrx_word' id='word_1_24' title='bbox 338 999 369 1059; x_wconf 92' lang='lat' dir='ltr'><strong>in</strong></span> <span class='ocrx_word' id='word_1_25' title='bbox 393 998 531 1059; x_wconf 82' lang='lat' dir='ltr'><strong>carmine</strong></span> <span class='ocrx_word' id='word_1_26' title='bbox 555 998 604 1058; x_wconf 92' lang='lat' dir='ltr'><strong>lll.</strong></span> <span class='ocrx_word' id='word_1_27' title='bbox 630 1002 669 1060; x_wconf 85' lang='lat'><strong>23</strong></span> <span class='ocrx_word' id='word_1_28' title='bbox 696 1005 837 1060; x_wconf 86' lang='lat' dir='ltr'><strong>extremo</strong></span> <span class='ocrx_word' id='word_1_29' title='bbox 860 1001 1022 1076; x_wconf 85' lang='lat' dir='ltr'><strong>leguntur:</strong></span> 
     </span>
     <span class='ocr_line' id='line_1_7' title="bbox 355 1102 1025 1179; baseline -0.009 -13"><span class='ocrx_word' id='word_1_30' title='bbox 355 1102 494 1165; x_wconf 76' lang='grc'><strong>11111111</strong></span> <span class='ocrx_word' id='word_1_31' title='bbox 516 1118 619 1162; x_wconf 89' lang='lat' dir='ltr'><strong>aram</strong></span> <span class='ocrx_word' id='word_1_32' title='bbox 644 1103 678 1162; x_wconf 93' lang='lat' dir='ltr'><strong>si</strong></span> <span class='ocrx_word' id='word_1_33' title='bbox 703 1103 849 1179; x_wconf 84' lang='lat' dir='ltr'><strong>tetigit</strong></span> <span class='ocrx_word' id='word_1_34' title='bbox 873 1119 1025 1171; x_wconf 87' lang='lat' dir='ltr'><strong>manus,</strong></span> 
     </span>
     <span class='ocr_line' id='line_1_8' title="bbox 356 1205 1088 1282; baseline -0.001 -17"><span class='ocrx_word' id='word_1_35' title='bbox 356 1205 439 1267; x_wconf 87' lang='lat' dir='ltr'><strong>Non</strong></span> <span class='ocrx_word' id='word_1_36' title='bbox 463 1213 700 1282; x_wconf 80' lang='lat' dir='ltr'><strong>sumptuosa</strong></span> <span class='ocrx_word' id='word_1_37' title='bbox 722 1206 916 1265; x_wconf 90' lang='lat' dir='ltr'><strong>blandior</strong></span> <span class='ocrx_word' id='word_1_38' title='bbox 947 1206 1088 1264; x_wconf 87' lang='lat' dir='ltr'><strong>hostia</strong></span> 
     </span>
     <span class='ocr_line' id='line_1_9' title="bbox 442 1308 1013 1369; baseline -0.005 0"><span class='ocrx_word' id='word_1_39' title='bbox 442 1308 624 1369; x_wconf 88' lang='lat' dir='ltr'><strong>Mollivit</strong></span> <span class='ocrx_word' id='word_1_40' title='bbox 648 1325 816 1369; x_wconf 84' lang='lat' dir='ltr'><strong>aversos</strong></span> <span class='ocrx_word' id='word_1_41' title='bbox 839 1308 1013 1368; x_wconf 75' lang='lat' dir='ltr'><strong>Penates</strong></span> 
     </span>
     <span class='ocr_line' id='line_1_10' title="bbox 483 1411 1108 1487; baseline -0.003 -17"><span class='ocrx_word' id='word_1_42' title='bbox 483 1412 602 1471; x_wconf 76' lang='lat' dir='ltr'><strong>llarre</strong></span> <span class='ocrx_word' id='word_1_43' title='bbox 627 1413 695 1487; x_wconf 82' lang='lat' dir='ltr'><strong>pio</strong></span> <span class='ocrx_word' id='word_1_44' title='bbox 720 1417 759 1471; x_wconf 89' lang='lat' dir='ltr'><strong>et</strong></span> <span class='ocrx_word' id='word_1_45' title='bbox 782 1411 966 1471; x_wconf 74' lang='lat' dir='ltr'><strong>saliente</strong></span> <span class='ocrx_word' id='word_1_46' title='bbox 990 1411 1108 1479; x_wconf 90' lang='lat' dir='ltr'><strong>mica,</strong></span> 
     </span>
     <span class='ocr_line' id='line_1_11' title="bbox 143 1512 1302 1589; baseline 0 -17"><span class='ocrx_word' id='word_1_47' title='bbox 143 1529 239 1588; x_wconf 84' lang='lat' dir='ltr'><strong>qrrurn</strong></span> <span class='ocrx_word' id='word_1_48' title='bbox 262 1513 379 1575; x_wconf 86' lang='lat' dir='ltr'><strong>Guielo</strong></span> <span class='ocrx_word' id='word_1_49' title='bbox 411 1519 443 1573; x_wconf 90' lang='lat' dir='ltr'><strong>et</strong></span> <span class='ocrx_word' id='word_1_50' title='bbox 466 1514 687 1589; x_wconf 85' lang='lat' dir='ltr'><strong>Peerlkampio</strong></span> <span class='ocrx_word' id='word_1_51' title='bbox 718 1528 868 1573; x_wconf 88' lang='lat' dir='ltr'><strong>assensus</strong></span> <span class='ocrx_word' id='word_1_52' title='bbox 899 1512 1079 1573; x_wconf 86' lang='lat' dir='ltr'><strong>Meinekius</strong></span> <span class='ocrx_word' id='word_1_53' title='bbox 1110 1515 1147 1572; x_wconf 92' lang='lat' dir='ltr'><strong>ab</strong></span> <span class='ocrx_word' id='word_1_54' title='bbox 1173 1512 1302 1572; x_wconf 89' lang='lat' dir='ltr'><strong>Horatio</strong></span> 
     </span>
     <span class='ocr_line' id='line_1_12' title="bbox 143 1614 1302 1692; baseline 0 -16"><span class='ocrx_word' id='word_1_55' title='bbox 143 1614 376 1687; x_wconf 82' lang='lat' dir='ltr'><strong>abjudicassct,</strong></span> <span class='ocrx_word' id='word_1_56' title='bbox 399 1616 553 1678; x_wconf 86' lang='lat' dir='ltr'><strong>Lelrrsius</strong></span> <span class='ocrx_word' id='word_1_57' title='bbox 577 1635 605 1692; x_wconf 84' lang='lat' dir='ltr'><strong>p.</strong></span> <span class='ocrx_word' id='word_1_58' title='bbox 625 1616 733 1676; x_wconf 78' lang='lat' dir='ltr'>CXXII</span> <span class='ocrx_word' id='word_1_59' title='bbox 750 1634 795 1690; x_wconf 85' lang='lat' dir='ltr'><strong>sq.</strong></span> <span class='ocrx_word' id='word_1_60' title='bbox 820 1616 866 1675; x_wconf 90' lang='lat' dir='ltr'><strong>sic</strong></span> <span class='ocrx_word' id='word_1_61' title='bbox 889 1616 1021 1676; x_wconf 90' lang='lat' dir='ltr'><strong>retineri</strong></span> <span class='ocrx_word' id='word_1_62' title='bbox 1045 1632 1144 1691; x_wconf 79' lang='lat' dir='ltr'><strong>posse</strong></span> <span class='ocrx_word' id='word_1_63' title='bbox 1169 1635 1302 1691; x_wconf 85' lang='lat' dir='ltr'><strong>pronun·</strong></span> 
     </span>
     <span class='ocr_line' id='line_1_13' title="bbox 143 1718 1304 1790; baseline -0.002 -11"><span class='ocrx_word' id='word_1_64' title='bbox 143 1718 252 1790; x_wconf 86' lang='lat' dir='ltr'><strong>tiavit,</strong></span> <span class='ocrx_word' id='word_1_65' title='bbox 289 1718 318 1779; x_wconf 88' lang='lat' dir='ltr'><strong>si</strong></span> <span class='ocrx_word' id='word_1_66' title='bbox 348 1720 380 1780; x_wconf 94' lang='lat' dir='ltr'><strong>in</strong></span> <span class='ocrx_word' id='word_1_67' title='bbox 411 1722 514 1781; x_wconf 90' lang='lat' dir='ltr'><strong>locum</strong></span> <span class='ocrx_word' id='word_1_68' title='bbox 544 1719 633 1779; x_wconf 84' lang='lat' dir='ltr'><strong>vocis</strong></span> <span class='ocrx_word' id='word_1_69' title='bbox 670 1718 856 1778; x_wconf 86' lang='lat' dir='ltr'><strong>immunis</strong></span> <span class='ocrx_word' id='word_1_70' title='bbox 888 1718 1073 1778; x_wconf 91' lang='lat' dir='ltr'><strong>insontis</strong></span> <span class='ocrx_word' id='word_1_71' title='bbox 1102 1718 1304 1779; x_wconf 79' lang='lat' dir='ltr'><strong>sufficeretur</strong></span> 
     </span>
     <span class='ocr_line' id='line_1_14' title="bbox 144 1821 1302 1895; baseline 0.001 -14"><span class='ocrx_word' id='word_1_72' title='bbox 144 1836 203 1881; x_wconf 89' lang='lat' dir='ltr'><strong>nec</strong></span> <span class='ocrx_word' id='word_1_73' title='bbox 226 1822 386 1882; x_wconf 74' lang='lat' dir='ltr'><strong>intellexit</strong></span> <span class='ocrx_word' id='word_1_74' title='bbox 410 1838 445 1882; x_wconf 90' lang='lat' dir='ltr'><strong>se</strong></span> <span class='ocrx_word' id='word_1_75' title='bbox 469 1838 532 1882; x_wconf 92' lang='lat' dir='ltr'><strong>rem</strong></span> <span class='ocrx_word' id='word_1_76' title='bbox 558 1821 701 1882; x_wconf 89' lang='lat' dir='ltr'><strong>molitum</strong></span> <span class='ocrx_word' id='word_1_77' title='bbox 723 1822 821 1881; x_wconf 91' lang='lat' dir='ltr'><strong>multo</strong></span> <span class='ocrx_word' id='word_1_78' title='bbox 841 1821 1050 1890; x_wconf 89' lang='lat' dir='ltr'><strong>deteriorem,</strong></span> <span class='ocrx_word' id='word_1_79' title='bbox 1075 1839 1169 1895; x_wconf 71' lang='grc'><strong>(11111111</strong></span> <span class='ocrx_word' id='word_1_80' title='bbox 1196 1824 1224 1882; x_wconf 88' lang='lat' dir='ltr'><strong>si</strong></span> <span class='ocrx_word' id='word_1_81' title='bbox 1249 1824 1302 1883; x_wconf 83' lang='lat' dir='ltr'><strong>fre-</strong></span> 
     </span>
     <span class='ocr_line' id='line_1_15' title="bbox 144 1922 1303 2000; baseline -0.002 -17"><span class='ocrx_word' id='word_1_82' title='bbox 144 1930 194 1983; x_wconf 88' lang='lat' dir='ltr'><strong>tus</strong></span> <span class='ocrx_word' id='word_1_83' title='bbox 218 1922 325 1983; x_wconf 88' lang='lat' dir='ltr'><strong>Ovidii</strong></span> <span class='ocrx_word' id='word_1_84' title='bbox 356 1925 504 2000; x_wconf 86' lang='lat' dir='ltr'><strong>exemplo</strong></span> <span class='ocrx_word' id='word_1_85' title='bbox 536 1924 623 1984; x_wconf 89' lang='lat' dir='ltr'><strong>Pont.</strong></span> <span class='ocrx_word' id='word_1_86' title='bbox 648 1924 696 1982; x_wconf 90' lang='lat' dir='ltr'><strong>IV.</strong></span> <span class='ocrx_word' id='word_1_87' title='bbox 721 1925 750 1993; x_wconf 77' lang='lat'><strong>2,</strong></span> <span class='ocrx_word' id='word_1_88' title='bbox 784 1924 838 1984; x_wconf 80' lang='lat'><strong>19:</strong></span> <span class='ocrx_word' id='word_1_89' title='bbox 877 1924 1009 1984; x_wconf 88' lang='lat' dir='ltr'><strong>Pectora</strong></span> <span class='ocrx_word' id='word_1_90' title='bbox 1045 1922 1093 1982; x_wconf 86' lang='lat' dir='ltr'><strong>sic</strong></span> <span class='ocrx_word' id='word_1_91' title='bbox 1131 1940 1204 1984; x_wconf 90' lang='lat' dir='ltr'><strong>mea</strong></span> <span class='ocrx_word' id='word_1_92' title='bbox 1235 1931 1303 1984; x_wconf 88' lang='lat' dir='ltr'><strong>sunt</strong></span> 
     </span>
     <span class='ocr_line' id='line_1_16' title="bbox 144 2025 1302 2101; baseline -0.003 -14"><span class='ocrx_word' id='word_1_93' title='bbox 144 2026 240 2087; x_wconf 86' lang='lat' dir='ltr'><strong>lirno</strong></span> <span class='ocrx_word' id='word_1_94' title='bbox 263 2025 421 2086; x_wconf 89' lang='lat' dir='ltr'><strong>vitiata</strong></span> <span class='ocrx_word' id='word_1_95' title='bbox 448 2027 629 2086; x_wconf 86' lang='lat' dir='ltr'><strong>malor·nrn“</strong></span> <span class='ocrx_word' id='word_1_96' title='bbox 662 2033 693 2084; x_wconf 89' lang='lat' dir='ltr'><strong>et</strong></span> <span class='ocrx_word' id='word_1_97' title='bbox 716 2025 875 2086; x_wconf 87' lang='lat' dir='ltr'><strong>Sarbievii</strong></span> <span class='ocrx_word' id='word_1_98' title='bbox 900 2025 947 2085; x_wconf 91' lang='lat' dir='ltr'><strong>lll.</strong></span> <span class='ocrx_word' id='word_1_99' title='bbox 976 2027 990 2085; x_wconf 91' lang='lat'>1</span> <span class='ocrx_word' id='word_1_100' title='bbox 1027 2045 1055 2101; x_wconf 83' lang='lat' dir='ltr'><strong>p.</strong></span> <span class='ocrx_word' id='word_1_101' title='bbox 1072 2026 1128 2084; x_wconf 81' lang='lat'><strong>88:</strong></span> <span class='ocrx_word' id='word_1_102' title='bbox 1165 2028 1302 2086; x_wconf 88' lang='lat' dir='ltr'><strong>nascitur</strong></span> 
     </span>
     <span class='ocr_line' id='line_1_17' title="bbox 144 2128 1298 2207; baseline -0.003 -18"><span class='ocrx_word' id='word_1_103' title='bbox 144 2135 177 2189; x_wconf 89' lang='lat' dir='ltr'><strong>et</strong></span> <span class='ocrx_word' id='word_1_104' title='bbox 195 2129 252 2190; x_wconf 89' lang='lat' dir='ltr'><strong>viti</strong></span> <span class='ocrx_word' id='word_1_105' title='bbox 265 2128 414 2189; x_wconf 87' lang='lat' dir='ltr'><strong>Sinocrus</strong></span> <span class='ocrx_word' id='word_1_106' title='bbox 439 2129 674 2207; x_wconf 80' lang='lat' dir='ltr'><strong>illimisque</strong></span> <span class='ocrx_word' id='word_1_107' title='bbox 692 2139 851 2189; x_wconf 89' lang='lat' dir='ltr'><strong>morum“·</strong></span> <span class='ocrx_word' id='word_1_108' title='bbox 867 2145 976 2188; x_wconf 85' lang='lat' dir='ltr'><strong>rocern</strong></span> <span class='ocrx_word' id='word_1_109' title='bbox 991 2128 1188 2189; x_wconf 86' lang='lat' dir='ltr'><strong>librariorum</strong></span> <span class='ocrx_word' id='word_1_110' title='bbox 1209 2131 1298 2204; x_wconf 76' lang='lat' dir='ltr'><strong>vulgo</strong></span> 
     </span>
     <span class='ocr_line' id='line_1_18' title="bbox 144 2229 1295 2310; baseline -0.005 -18"><span class='ocrx_word' id='word_1_111' title='bbox 144 2230 337 2310; x_wconf 80' lang='lat' dir='ltr'><strong>incognitam</strong></span> <span class='ocrx_word' id='word_1_112' title='bbox 369 2232 527 2292; x_wconf 90' lang='lat' dir='ltr'><strong>intimis</strong></span> <span class='ocrx_word' id='word_1_113' title='bbox 565 2232 785 2292; x_wconf 89' lang='lat' dir='ltr'><strong>commendare</strong></span> <span class='ocrx_word' id='word_1_114' title='bbox 822 2233 986 2309; x_wconf 84' lang='lat' dir='ltr'><strong>ingressus</strong></span> <span class='ocrx_word' id='word_1_115' title='bbox 1024 2238 1119 2291; x_wconf 90' lang='lat' dir='ltr'><strong>esset.</strong></span> <span class='ocrx_word' id='word_1_116' title='bbox 1174 2229 1295 2299; x_wconf 84' lang='lat' dir='ltr'><strong>Qunrno</strong></span> 
     </span>
     <span class='ocr_line' id='line_1_19' title="bbox 143 2332 1296 2412; baseline -0.003 -20"><span class='ocrx_word' id='word_1_117' title='bbox 143 2333 405 2411; x_wconf 74' lang='lat' dir='ltr'><strong>circumspectior</strong></span> <span class='ocrx_word' id='word_1_118' title='bbox 435 2333 609 2410; x_wconf 81' lang='lat' dir='ltr'><strong>Seynenns</strong></span> <span class='ocrx_word' id='word_1_119' title='bbox 641 2335 753 2395; x_wconf 87' lang='lat' dir='ltr'><strong>llluctz.</strong></span> <span class='ocrx_word' id='word_1_120' title='bbox 786 2338 865 2396; x_wconf 87' lang='lat' dir='ltr'><strong>Actt.</strong></span> <span class='ocrx_word' id='word_1_121' title='bbox 899 2336 937 2395; x_wconf 90' lang='lat' dir='ltr'><strong>ad</strong></span> <span class='ocrx_word' id='word_1_122' title='bbox 968 2352 1020 2395; x_wconf 90' lang='lat' dir='ltr'><strong>res</strong></span> <span class='ocrx_word' id='word_1_123' title='bbox 1051 2352 1153 2412; x_wconf 79' lang='lat' dir='ltr'><strong>gymn.</strong></span> <span class='ocrx_word' id='word_1_124' title='bbox 1182 2332 1296 2408; x_wconf 75' lang='lat' dir='ltr'><strong>pertin.</strong></span> 
     </span>
     <span class='ocr_line' id='line_1_20' title="bbox 147 2436 1301 2520; baseline -0.004 -23"><span class='ocrx_word' id='word_1_125' title='bbox 147 2436 229 2498; x_wconf 76' lang='lat'>1860</span> <span class='ocrx_word' id='word_1_126' title='bbox 261 2455 288 2514; x_wconf 91' lang='lat' dir='ltr'><strong>p.</strong></span> <span class='ocrx_word' id='word_1_127' title='bbox 315 2439 374 2500; x_wconf 78' lang='lat'><strong>586</strong></span> <span class='ocrx_word' id='word_1_128' title='bbox 406 2436 571 2499; x_wconf 89' lang='lat' dir='ltr'><strong>subtiliore</strong></span> <span class='ocrx_word' id='word_1_129' title='bbox 602 2438 819 2514; x_wconf 88' lang='lat' dir='ltr'><strong>disputatione</strong></span> <span class='ocrx_word' id='word_1_130' title='bbox 852 2438 976 2520; x_wconf 81' lang='lat' dir='ltr'><strong>(nescio</strong></span> <span class='ocrx_word' id='word_1_131' title='bbox 1000 2456 1039 2498; x_wconf 88' lang='lat' dir='ltr'><strong>an</strong></span> <span class='ocrx_word' id='word_1_132' title='bbox 1062 2437 1202 2513; x_wconf 83' lang='lat' dir='ltr'><strong>Hauptio</strong></span> <span class='ocrx_word' id='word_1_133' title='bbox 1236 2453 1301 2511; x_wconf 82' lang='lat' dir='ltr'><strong>pro-</strong></span> 
     </span>
     <span class='ocr_line' id='line_1_21' title="bbox 143 2538 1302 2625; baseline -0.005 -25"><span class='ocrx_word' id='word_1_134' title='bbox 143 2538 231 2625; x_wconf 85' lang='lat' dir='ltr'><strong>bata)</strong></span> <span class='ocrx_word' id='word_1_135' title='bbox 256 2540 289 2600; x_wconf 94' lang='lat' dir='ltr'><strong>id</strong></span> <span class='ocrx_word' id='word_1_136' title='bbox 313 2541 443 2602; x_wconf 85' lang='lat' dir='ltr'><strong>efficere</strong></span> <span class='ocrx_word' id='word_1_137' title='bbox 468 2540 605 2611; x_wconf 90' lang='lat' dir='ltr'><strong>studuit,</strong></span> <span class='ocrx_word' id='word_1_138' title='bbox 636 2549 671 2601; x_wconf 88' lang='lat' dir='ltr'><strong>ut</strong></span> <span class='ocrx_word' id='word_1_139' title='bbox 695 2542 901 2601; x_wconf 89' lang='lat' dir='ltr'><strong>immunem</strong></span> <span class='ocrx_word' id='word_1_140' title='bbox 933 2557 1003 2600; x_wconf 85' lang='lat' dir='ltr'><strong>erun</strong></span> <span class='ocrx_word' id='word_1_141' title='bbox 1026 2541 1107 2609; x_wconf 91' lang='lat' dir='ltr'><strong>dici,</strong></span> <span class='ocrx_word' id='word_1_142' title='bbox 1139 2539 1195 2614; x_wconf 87' lang='lat' dir='ltr'><strong>qui</strong></span> <span class='ocrx_word' id='word_1_143' title='bbox 1221 2544 1302 2597; x_wconf 90' lang='lat' dir='ltr'><strong>esset</strong></span> 
     </span>
     <span class='ocr_line' id='line_1_22' title="bbox 144 2639 1301 2725; baseline -0.005 -22"><span class='ocrx_word' id='word_1_144' title='bbox 144 2643 362 2715; x_wconf 76' lang='lat' dir='ltr'><strong>inofficiosus,</strong></span> <span class='ocrx_word' id='word_1_145' title='bbox 393 2645 535 2720; x_wconf 87' lang='lat' dir='ltr'><strong>ingratus</strong></span> <span class='ocrx_word' id='word_1_146' title='bbox 562 2639 640 2725; x_wconf 80' lang='lat' dir='ltr'><strong>(nn.</strong></span> <span class='ocrx_word' id='word_1_147' title='bbox 673 2661 721 2719; x_wconf 82' lang='lat' dir='ltr'><strong>ap.</strong></span> <span class='ocrx_word' id='word_1_148' title='bbox 753 2645 814 2704; x_wconf 84' lang='lat' dir='ltr'><strong>Cic.</strong></span> <span class='ocrx_word' id='word_1_149' title='bbox 853 2664 880 2720; x_wconf 86' lang='lat' dir='ltr'><strong>p.</strong></span> <span class='ocrx_word' id='word_1_150' title='bbox 906 2643 986 2705; x_wconf 88' lang='lat' dir='ltr'><strong>Sest.</strong></span> <span class='ocrx_word' id='word_1_151' title='bbox 1013 2647 1063 2713; x_wconf 82' lang='grc'><strong>51,</strong></span> <span class='ocrx_word' id='word_1_152' title='bbox 1089 2644 1159 2702; x_wconf 81' lang='lat'>122.</span> <span class='ocrx_word' id='word_1_153' title='bbox 1208 2642 1301 2701; x_wconf 86' lang='lat' dir='ltr'><strong>Halm.</strong></span> 
     </span>
     <span class='ocr_line' id='line_1_23' title="bbox 143 2745 1302 2832; baseline -0.003 -24"><span class='ocrx_word' id='word_1_154' title='bbox 143 2766 174 2823; x_wconf 84' lang='lat' dir='ltr'><strong>p.</strong></span> <span class='ocrx_word' id='word_1_155' title='bbox 199 2746 304 2832; x_wconf 68' lang='lat'><strong>27²1),⁴</strong></span> <span class='ocrx_word' id='word_1_156' title='bbox 319 2749 510 2808; x_wconf 89' lang='lat' dir='ltr'><strong>sententiam</strong></span> <span class='ocrx_word' id='word_1_157' title='bbox 536 2754 639 2808; x_wconf 82' lang='lat' dir='ltr'><strong>autern</strong></span> <span class='ocrx_word' id='word_1_158' title='bbox 663 2750 744 2808; x_wconf 77' lang='lat' dir='ltr'><strong>lianc</strong></span> <span class='ocrx_word' id='word_1_159' title='bbox 767 2751 902 2809; x_wconf 90' lang='lat' dir='ltr'><strong>subesse</strong></span> <span class='ocrx_word' id='word_1_160' title='bbox 926 2747 1178 2824; x_wconf 83' lang='lat' dir='ltr'><strong>intelligeretur:</strong></span> <span class='ocrx_word' id='word_1_161' title='bbox 1210 2747 1239 2806; x_wconf 90' lang='lat' dir='ltr'><strong>si</strong></span> <span class='ocrx_word' id='word_1_162' title='bbox 1262 2745 1302 2804; x_wconf 92' lang='lat' dir='ltr'><strong>in-</strong></span> 
     </span>
     <span class='ocr_line' id='line_1_24' title="bbox 145 2851 1302 2928; baseline -0.004 -15"><span class='ocrx_word' id='word_1_163' title='bbox 145 2851 292 2914; x_wconf 83' lang='lat' dir='ltr'><strong>officiosa</strong></span> <span class='ocrx_word' id='word_1_164' title='bbox 314 2871 424 2914; x_wconf 91' lang='lat' dir='ltr'><strong>manus</strong></span> <span class='ocrx_word' id='word_1_165' title='bbox 448 2869 531 2912; x_wconf 90' lang='lat' dir='ltr'><strong>aram</strong></span> <span class='ocrx_word' id='word_1_166' title='bbox 555 2853 716 2928; x_wconf 84' lang='lat' dir='ltr'><strong>tetigerit,</strong></span> <span class='ocrx_word' id='word_1_167' title='bbox 739 2853 846 2912; x_wconf 89' lang='lat' dir='ltr'><strong>hostia</strong></span> <span class='ocrx_word' id='word_1_168' title='bbox 876 2853 981 2912; x_wconf 88' lang='lat' dir='ltr'><strong>oblata</strong></span> <span class='ocrx_word' id='word_1_169' title='bbox 1006 2852 1068 2911; x_wconf 91' lang='lat' dir='ltr'><strong>diis</strong></span> <span class='ocrx_word' id='word_1_170' title='bbox 1097 2870 1162 2911; x_wconf 95' lang='lat' dir='ltr'><strong>non</strong></span> <span class='ocrx_word' id='word_1_171' title='bbox 1188 2851 1302 2928; x_wconf 84' lang='lat' dir='ltr'><strong>gratior</strong></span> 
     </span>
     <span class='ocr_line' id='line_1_25' title="bbox 145 2950 1300 3032; baseline -0.003 -18"><span class='ocrx_word' id='word_1_172' title='bbox 145 2956 223 3027; x_wconf 89' lang='lat' dir='ltr'><strong>erit,</strong></span> <span class='ocrx_word' id='word_1_173' title='bbox 247 2974 339 3032; x_wconf 87' lang='lat' dir='ltr'><strong>qnam</strong></span> <span class='ocrx_word' id='word_1_174' title='bbox 364 2956 533 3032; x_wconf 85' lang='lat' dir='ltr'><strong>exiguum,</strong></span> <span class='ocrx_word' id='word_1_175' title='bbox 556 2954 640 3029; x_wconf 88' lang='lat' dir='ltr'><strong>quod</strong></span> <span class='ocrx_word' id='word_1_176' title='bbox 664 2955 774 3014; x_wconf 90' lang='lat' dir='ltr'><strong>eadem</strong></span> <span class='ocrx_word' id='word_1_177' title='bbox 797 2973 906 3015; x_wconf 90' lang='lat' dir='ltr'><strong>manus</strong></span> <span class='ocrx_word' id='word_1_178' title='bbox 931 2955 1098 3023; x_wconf 89' lang='lat' dir='ltr'><strong>obtulerit,</strong></span> <span class='ocrx_word' id='word_1_179' title='bbox 1123 2972 1252 3024; x_wconf 76' lang='lat' dir='ltr'><strong>munuc,</strong></span> <span class='ocrx_word' id='word_1_180' title='bbox 1275 2950 1300 3011; x_wconf 93' lang='lat' dir='ltr'><strong>id</strong></span> 
     </span>
     <span class='ocr_line' id='line_1_26' title="bbox 114 3055 1299 3144; baseline -0.003 -27"><span class='ocrx_word' id='word_1_181' title='bbox 114 3126 118 3133; x_wconf 30' lang='lat'><strong>¹</strong></span> <span class='ocrx_word' id='word_1_182' title='bbox 146 3064 210 3119; x_wconf 88' lang='lat' dir='ltr'><strong>est:</strong></span> <span class='ocrx_word' id='word_1_183' title='bbox 233 3066 400 3134; x_wconf 85' lang='lat' dir='ltr'><strong>utrumque</strong></span> <span class='ocrx_word' id='word_1_184' title='bbox 423 3055 614 3144; x_wconf 84' lang='lat' dir='ltr'><strong>sacrificium</strong></span> <span class='ocrx_word' id='word_1_185' title='bbox 638 3057 700 3116; x_wconf 94' lang='lat' dir='ltr'><strong>diis</strong></span> <span class='ocrx_word' id='word_1_186' title='bbox 723 3074 827 3133; x_wconf 86' lang='lat' dir='ltr'><strong>aeque</strong></span> <span class='ocrx_word' id='word_1_187' title='bbox 849 3058 1005 3134; x_wconf 85' lang='lat' dir='ltr'><strong>ingratum</strong></span> <span class='ocrx_word' id='word_1_188' title='bbox 1021 3057 1112 3115; x_wconf 89' lang='lat' dir='ltr'><strong>erit.“</strong></span> <span class='ocrx_word' id='word_1_189' title='bbox 1158 3056 1299 3116; x_wconf 90' lang='lat' dir='ltr'><strong>Nostrum</strong></span> 
     </span>
     <span class='ocr_line' id='line_1_27' title="bbox 146 3160 1298 3237; baseline -0.004 -17"><span class='ocrx_word' id='word_1_190' title='bbox 146 3162 276 3237; x_wconf 87' lang='lat' dir='ltr'><strong>quidem</strong></span> <span class='ocrx_word' id='word_1_191' title='bbox 309 3160 463 3232; x_wconf 88' lang='lat' dir='ltr'><strong>judicium</strong></span> <span class='ocrx_word' id='word_1_192' title='bbox 499 3160 561 3218; x_wconf 86' lang='lat' dir='ltr'><strong>hoc</strong></span> <span class='ocrx_word' id='word_1_193' title='bbox 600 3167 648 3218; x_wconf 90' lang='lat' dir='ltr'><strong>est</strong></span> <span class='ocrx_word' id='word_1_194' title='bbox 678 3161 812 3220; x_wconf 86' lang='lat' dir='ltr'><strong>eurrdenr</strong></span> <span class='ocrx_word' id='word_1_195' title='bbox 842 3160 895 3219; x_wconf 90' lang='lat' dir='ltr'><strong>hic</strong></span> <span class='ocrx_word' id='word_1_196' title='bbox 925 3161 1025 3220; x_wconf 90' lang='lat' dir='ltr'><strong>latere</strong></span> <span class='ocrx_word' id='word_1_197' title='bbox 1050 3174 1210 3229; x_wconf 90' lang='lat' dir='ltr'><strong>errorem,</strong></span> <span class='ocrx_word' id='word_1_198' title='bbox 1246 3174 1298 3233; x_wconf 88' lang='lat' dir='ltr'><strong>qno</strong></span> 
     </span>
     <span class='ocr_line' id='line_1_28' title="bbox 145 3262 1298 3338; baseline -0.005 -13"><span class='ocrx_word' id='word_1_199' title='bbox 145 3265 270 3327; x_wconf 87' lang='lat' dir='ltr'><strong>litteras</strong></span> <span class='ocrx_word' id='word_1_200' title='bbox 296 3283 332 3334; x_wconf 93' lang='lat' dir='ltr'><strong>n,</strong></span> <span class='ocrx_word' id='word_1_201' title='bbox 360 3282 381 3323; x_wconf 90' lang='lat' dir='ltr'><strong>u</strong></span> <span class='ocrx_word' id='word_1_202' title='bbox 407 3268 438 3322; x_wconf 92' lang='lat' dir='ltr'><strong>et</strong></span> <span class='ocrx_word' id='word_1_203' title='bbox 461 3263 484 3322; x_wconf 94' lang='lat' dir='ltr'><strong>li</strong></span> <span class='ocrx_word' id='word_1_204' title='bbox 519 3279 588 3321; x_wconf 91' lang='lat' dir='ltr'><strong>cnm</strong></span> <span class='ocrx_word' id='word_1_205' title='bbox 616 3263 723 3323; x_wconf 91' lang='lat' dir='ltr'><strong>multis</strong></span> <span class='ocrx_word' id='word_1_206' title='bbox 748 3264 779 3323; x_wconf 94' lang='lat' dir='ltr'><strong>in</strong></span> <span class='ocrx_word' id='word_1_207' title='bbox 803 3263 884 3324; x_wconf 91' lang='lat' dir='ltr'><strong>locis</strong></span> <span class='ocrx_word' id='word_1_208' title='bbox 913 3271 978 3323; x_wconf 90' lang='lat' dir='ltr'><strong>tum</strong></span> <span class='ocrx_word' id='word_1_209' title='bbox 1001 3262 1085 3338; x_wconf 88' lang='lat' dir='ltr'><strong>apud</strong></span> <span class='ocrx_word' id='word_1_210' title='bbox 1108 3263 1298 3323; x_wconf 85' lang='lat' dir='ltr'><strong>Lactantiurn</strong></span> 
     </span>
     <span class='ocr_line' id='line_1_29' title="bbox 145 3364 1296 3443; baseline -0.008 -15"><span class='ocrx_word' id='word_1_211' title='bbox 145 3368 243 3440; x_wconf 74' lang='lat' dir='ltr'><strong>Theo.</strong></span> <span class='ocrx_word' id='word_1_212' title='bbox 260 3368 294 3427; x_wconf 91' lang='lat' dir='ltr'><strong>ll.</strong></span> <span class='ocrx_word' id='word_1_213' title='bbox 319 3369 396 3427; x_wconf 79' lang='lat' dir='ltr'><strong>tol:</strong></span> <span class='ocrx_word' id='word_1_214' title='bbox 417 3383 524 3426; x_wconf 89' lang='lat' dir='ltr'><strong>avus.</strong></span> <span class='ocrx_word' id='word_1_215' title='bbox 555 3364 673 3426; x_wconf 88' lang='lat' dir='ltr'><strong>Monac.</strong></span> <span class='ocrx_word' id='word_1_216' title='bbox 697 3367 806 3427; x_wconf 89' lang='lat' dir='ltr'><strong>alius</strong></span> <span class='ocrx_word' id='word_1_217' title='bbox 831 3372 1023 3443; x_wconf 84' lang='lat' dir='ltr'><strong>permutatas</strong></span> <span class='ocrx_word' id='word_1_218' title='bbox 1046 3381 1121 3424; x_wconf 91' lang='lat' dir='ltr'><strong>esse</strong></span> <span class='ocrx_word' id='word_1_219' title='bbox 1138 3365 1296 3427; x_wconf 89' lang='lat' dir='ltr'><strong>docuimus</strong></span> 
     </span>
     <span class='ocr_line' id='line_1_30' title="bbox 145 3467 1296 3547; baseline -0.006 -15"><span class='ocrx_word' id='word_1_220' title='bbox 145 3470 179 3532; x_wconf 90' lang='lat' dir='ltr'><strong>in</strong></span> <span class='ocrx_word' id='word_1_221' title='bbox 208 3472 283 3534; x_wconf 90' lang='lat' dir='ltr'><strong>Stat.</strong></span> <span class='ocrx_word' id='word_1_222' title='bbox 313 3471 377 3532; x_wconf 85' lang='lat' dir='ltr'><strong>Ecl.</strong></span> <span class='ocrx_word' id='word_1_223' title='bbox 407 3470 461 3530; x_wconf 89' lang='lat' dir='ltr'><strong>ult.</strong></span> <span class='ocrx_word' id='word_1_224' title='bbox 486 3470 525 3528; x_wconf 78' lang='lat'><strong>24</strong></span> <span class='ocrx_word' id='word_1_225' title='bbox 563 3488 591 3545; x_wconf 83' lang='lat' dir='ltr'><strong>p.</strong></span> <span class='ocrx_word' id='word_1_226' title='bbox 617 3471 664 3529; x_wconf 88' lang='grc'><strong>31.</strong></span> <span class='ocrx_word' id='word_1_227' title='bbox 724 3470 812 3541; x_wconf 84' lang='lat' dir='ltr'><strong>Quod</strong></span> <span class='ocrx_word' id='word_1_228' title='bbox 848 3471 945 3547; x_wconf 85' lang='lat' dir='ltr'><strong>igitur</strong></span> <span class='ocrx_word' id='word_1_229' title='bbox 983 3468 1160 3542; x_wconf 89' lang='lat' dir='ltr'><strong>antiquitus</strong></span> <span class='ocrx_word' id='word_1_230' title='bbox 1201 3467 1296 3544; x_wconf 83' lang='lat' dir='ltr'><strong>prodi-</strong></span> 
     </span>
     <span class='ocr_line' id='line_1_31' title="bbox 145 3573 309 3635; baseline -0.006 -1"><span class='ocrx_word' id='word_1_231' title='bbox 145 3580 212 3635; x_wconf 89' lang='lat' dir='ltr'><strong>turn</strong></span> <span class='ocrx_word' id='word_1_232' title='bbox 234 3573 309 3635; x_wconf 83' lang='lat' dir='ltr'><strong>fuit:</strong></span> 
     </span>
     <span class='ocr_line' id='line_1_32' title="bbox 402 3673 1069 3752; baseline 0.001 -17"><span class='ocrx_word' id='word_1_233' title='bbox 402 3675 588 3736; x_wconf 83' lang='lat' dir='ltr'><strong>Immanis</strong></span> <span class='ocrx_word' id='word_1_234' title='bbox 612 3694 717 3737; x_wconf 89' lang='lat' dir='ltr'><strong>aram</strong></span> <span class='ocrx_word' id='word_1_235' title='bbox 744 3684 778 3736; x_wconf 85' lang='lat' dir='ltr'><strong>si</strong></span> <span class='ocrx_word' id='word_1_236' title='bbox 801 3675 949 3752; x_wconf 84' lang='lat' dir='ltr'><strong>tetigit</strong></span> <span class='ocrx_word' id='word_1_237' title='bbox 975 3673 1069 3750; x_wconf 78' lang='lat' dir='ltr'><strong>nulls,</strong></span> 
     </span>
    </p>

    <p class='ocr_par' dir='ltr' id='par_1_5' title="bbox 69 3772 1296 4376">
     <span class='ocr_line' id='line_1_33' title="bbox 69 3772 1295 3857; baseline -0.008 -15"><span class='ocrx_word' id='word_1_238' title='bbox 69 3772 72 3777; x_wconf 68' lang='grc'><strong>’</strong></span> <span class='ocrx_word' id='word_1_239' title='bbox 148 3780 181 3842; x_wconf 93' lang='lat' dir='ltr'><strong>id</strong></span> <span class='ocrx_word' id='word_1_240' title='bbox 202 3787 237 3840; x_wconf 91' lang='lat' dir='ltr'><strong>ut</strong></span> <span class='ocrx_word' id='word_1_241' title='bbox 260 3779 291 3840; x_wconf 90' lang='lat' dir='ltr'><strong>in</strong></span> <span class='ocrx_word' id='word_1_242' title='bbox 315 3780 412 3848; x_wconf 89' lang='lat' dir='ltr'><strong>hanc,</strong></span> <span class='ocrx_word' id='word_1_243' title='bbox 437 3796 529 3854; x_wconf 83' lang='lat' dir='ltr'><strong>quarn</strong></span> <span class='ocrx_word' id='word_1_244' title='bbox 552 3781 726 3849; x_wconf 88' lang='lat' dir='ltr'><strong>cernimus,</strong></span> <span class='ocrx_word' id='word_1_245' title='bbox 751 3779 893 3854; x_wconf 86' lang='lat' dir='ltr'><strong>speciem</strong></span> <span class='ocrx_word' id='word_1_246' title='bbox 917 3777 1110 3838; x_wconf 89' lang='lat' dir='ltr'><strong>simillimam</strong></span> <span class='ocrx_word' id='word_1_247' title='bbox 1135 3772 1295 3857; x_wconf 85' lang='lat' dir='ltr'><strong>(quantulo</strong></span> 
     </span>
     <span class='ocr_line' id='line_1_34' title="bbox 147 3878 1295 3965; baseline -0.01 -19"><span class='ocrx_word' id='word_1_248' title='bbox 147 3885 233 3946; x_wconf 82' lang='lat' dir='ltr'><strong>enim</strong></span> <span class='ocrx_word' id='word_1_249' title='bbox 255 3882 440 3943; x_wconf 89' lang='lat' dir='ltr'><strong>discrimine</strong></span> <span class='ocrx_word' id='word_1_250' title='bbox 462 3882 610 3944; x_wconf 84' lang='lat' dir='ltr'><strong>differunt</strong></span> <span class='ocrx_word' id='word_1_251' title='bbox 632 3883 767 3943; x_wconf 87' lang='lat' dir='ltr'><strong>malis:</strong></span> <span class='ocrx_word' id='word_1_252' title='bbox 791 3878 940 3965; x_wconf 83' lang='lat' dir='ltr'><strong>rnausl)</strong></span> <span class='ocrx_word' id='word_1_253' title='bbox 964 3887 1239 3954; x_wconf 89' lang='lat' dir='ltr'><strong>corrumperetur,</strong></span> <span class='ocrx_word' id='word_1_254' title='bbox 1261 3878 1295 3936; x_wconf 87' lang='lat' dir='ltr'><strong>la-</strong></span> 
     </span>
     <span class='ocr_line' id='line_1_35' title="bbox 147 3983 1296 4049; baseline -0.01 -2"><span class='ocrx_word' id='word_1_255' title='bbox 147 3994 232 4049; x_wconf 87' lang='lat' dir='ltr'><strong>ctum</strong></span> <span class='ocrx_word' id='word_1_256' title='bbox 261 3993 310 4047; x_wconf 87' lang='lat' dir='ltr'><strong>est</strong></span> <span class='ocrx_word' id='word_1_257' title='bbox 339 3986 429 4047; x_wconf 84' lang='lat' dir='ltr'><strong>vocis</strong></span> <span class='ocrx_word' id='word_1_258' title='bbox 459 3987 561 4047; x_wconf 86' lang='lat' dir='ltr'><strong>rnala</strong></span> <span class='ocrx_word' id='word_1_259' title='bbox 591 3985 772 4045; x_wconf 89' lang='lat' dir='ltr'><strong>insolentia.</strong></span> <span class='ocrx_word' id='word_1_260' title='bbox 832 3985 907 4044; x_wconf 90' lang='lat' dir='ltr'><strong>Nam</strong></span> <span class='ocrx_word' id='word_1_261' title='bbox 942 3983 1059 4044; x_wconf 89' lang='lat' dir='ltr'><strong>malis</strong></span> <span class='ocrx_word' id='word_1_262' title='bbox 1096 3983 1296 4042; x_wconf 84' lang='lat' dir='ltr'><strong>immunem</strong></span> 
     </span>
     <span class='ocr_line' id='line_1_36' title="bbox 146 4080 1295 4163; baseline -0.011 -12"><span class='ocrx_word' id='word_1_263' title='bbox 146 4089 215 4161; x_wconf 84' lang='lat' dir='ltr'><strong>dici&#39;</strong></span> <span class='ocrx_word' id='word_1_264' title='bbox 236 4106 298 4149; x_wconf 93' lang='lat' dir='ltr'><strong>non</strong></span> <span class='ocrx_word' id='word_1_265' title='bbox 321 4092 424 4150; x_wconf 86' lang='lat' dir='ltr'><strong>solum</strong></span> <span class='ocrx_word' id='word_1_266' title='bbox 448 4106 536 4158; x_wconf 88' lang='lat' dir='ltr'><strong>eum,</strong></span> <span class='ocrx_word' id='word_1_267' title='bbox 566 4089 620 4163; x_wconf 89' lang='lat' dir='ltr'><strong>qni</strong></span> <span class='ocrx_word' id='word_1_268' title='bbox 651 4089 811 4147; x_wconf 86' lang='lat' dir='ltr'><strong>aerumnis</strong></span> <span class='ocrx_word' id='word_1_269' title='bbox 836 4095 868 4146; x_wconf 87' lang='lat' dir='ltr'><strong>et</strong></span> <span class='ocrx_word' id='word_1_270' title='bbox 891 4086 1095 4163; x_wconf 84' lang='lat' dir='ltr'><strong>periculis</strong></span> <span class='ocrx_word' id='word_1_271' title='bbox 1120 4080 1295 4144; x_wconf 89' lang='lat' dir='ltr'><strong>immunis</strong></span> 
     </span>
     <span class='ocr_line' id='line_1_37' title="bbox 132 4180 1295 4273; baseline -0.013 -18"><span class='ocrx_word' id='word_1_272' title='bbox 132 4185 329 4273; x_wconf 65' lang='grc' dir='ltr'><strong>Ι1110111111.</strong></span> <span class='ocrx_word' id='word_1_273' title='bbox 355 4194 466 4254; x_wconf 89' lang='lat' dir='ltr'><strong>Lucan.</strong></span> <span class='ocrx_word' id='word_1_274' title='bbox 490 4191 568 4250; x_wconf 88' lang='lat' dir='ltr'><strong>Vlll.</strong></span> <span class='ocrx_word' id='word_1_275' title='bbox 594 4191 654 4249; x_wconf 82' lang='grc'><strong>1114</strong></span> <span class='ocrx_word' id='word_1_276' title='bbox 679 4208 707 4265; x_wconf 92' lang='lat' dir='ltr'><strong>p.</strong></span> <span class='ocrx_word' id='word_1_277' title='bbox 727 4191 795 4252; x_wconf 79' lang='lat'>591.</span> <span class='ocrx_word' id='word_1_278' title='bbox 841 4190 913 4250; x_wconf 89' lang='lat' dir='ltr'><strong>Sen.</strong></span> <span class='ocrx_word' id='word_1_279' title='bbox 937 4188 972 4248; x_wconf 91' lang='lat' dir='ltr'><strong>H.</strong></span> <span class='ocrx_word' id='word_1_280' title='bbox 996 4189 1025 4248; x_wconf 68' lang='lat' dir='ltr'><strong>ll⁴</strong></span> <span class='ocrx_word' id='word_1_281' title='bbox 1049 4187 1128 4246; x_wconf 79' lang='lat'>⁶214:</span> <span class='ocrx_word' id='word_1_282' title='bbox 1152 4180 1295 4261; x_wconf 87' lang='lat' dir='ltr'><strong>numquid</strong></span> 
     </span>
     <span class='ocr_line' id='line_1_38' title="bbox 145 4281 1293 4376; baseline -0.007 -23"><span class='ocrx_word' id='word_1_283' title='bbox 145 4295 331 4361; x_wconf 86' lang='lat' dir='ltr'><strong>immunis</strong></span> <span class='ocrx_word' id='word_1_284' title='bbox 354 4281 415 4359; x_wconf 79' lang='lat' dir='ltr'><strong>luit</strong></span> <span class='ocrx_word' id='word_1_285' title='bbox 435 4293 565 4354; x_wconf 83' lang='lat' dir='ltr'><strong>Infantis</strong></span> <span class='ocrx_word' id='word_1_286' title='bbox 582 4289 727 4376; x_wconf 77' lang='lat' dir='ltr'><strong>actast),</strong></span> <span class='ocrx_word' id='word_1_287' title='bbox 753 4293 810 4353; x_wconf 89' lang='lat' dir='ltr'><strong>sed</strong></span> <span class='ocrx_word' id='word_1_288' title='bbox 828 4293 988 4353; x_wconf 87' lang='lat' dir='ltr'><strong>hominem</strong></span> <span class='ocrx_word' id='word_1_289' title='bbox 1014 4291 1136 4350; x_wconf 84' lang='lat' dir='ltr'><strong>vitiis</strong></span> <span class='ocrx_word' id='word_1_290' title='bbox 1161 4304 1293 4350; x_wconf 87' lang='lat' dir='ltr'><strong>caren-</strong></span> 
     </span>
    </p>
   </div>
   <div class='ocr_carea' id='block_1_5' title="bbox 120 4506 153 4568">
    <p class='ocr_par' dir='ltr' id='par_1_6' title="bbox 120 4506 153 4568">
     <span class='ocr_line' id='line_1_39' title="bbox 120 4506 153 4568; baseline 0 0"><span class='ocrx_word' id='word_1_291' title='bbox 120 4506 153 4568; x_wconf 64' lang='grc' dir='ltr'>Ι</span> 
     </span>
    </p>
   </div>
   <div class='ocr_carea' id='block_1_6' title="bbox 0 0 1408 4866">
    <p class='ocr_par' dir='ltr' id='par_1_7' title="bbox 0 0 1408 4866">
     <span class='ocr_line' id='line_1_40' title="bbox 0 0 1408 4866; baseline 0 0"><span class='ocrx_word' id='word_1_292' title='bbox 0 0 1408 4866; x_wconf 95' lang='lat' dir='ltr'><strong> </strong></span> 
     </span>
    </p>
   </div>
  </div>
 </body>
</html>
