2806 4866
647 323 691 395 33

95 518 282 577 »reparans
315 499 352 559 oi.
378 496 506 568 Quintil.
529 498 616 557 Deol.
641 497 753 558 illiti
781 517 809 574 p.
830 499 891 558 280
915 515 1129 575 reparavero.
1158 500 1247 561 Leid.

95 606 176 664 loss.
215 615 485 679 praeparavero.
522 598 591 660 add.
633 615 846 675 perorare:
885 617 1110 677 properare
1144 604 1247 662 Burm.

95 707 175 765 luid.
199 703 335 764 Metili.
362 702 421 763 563
446 721 473 777 p.
494 700 591 784 668),
615 720 634 776 p
644 710 822 777 roperata:
1182 712 1185 719 '

386 840 486 899 Vina
508 837 606 914 Syra
628 847 785 919 properata
807 856 948 900 merce.

95 980 188 1050 inam
211 978 402 1038 seutentiam
427 977 505 1037 satis
529 977 653 1037 firinare
677 977 789 1037 videor
813 980 961 1054 exemplo
985 979 1149 1038 siliixllt.
1168 981 1247 1041 892:

95 1083 241 1141 >ocula
262 1081 380 1140 furtivo
404 1080 507 1155 rapiet
532 1085 753 1155 properata
775 1090 974 1151 veneno“‚
998 1082 1134 1143 tortasse
1153 1083 1248 1143 etiam

95 1183 274 1254 iuintiliani
304 1182 393 1242 Decl.
417 1181 560 1240 cccxxi
583 1200 611 1256 p.
639 1181 716 1240 tila:
747 1183 910 1256 potionem
940 1186 1021 1244 hanc
1052 1203 1114 1245 nou
1146 1186 1248 1260 quoti-

95 1288 214 1346 lianam
244 1290 276 1343 et
305 1300 366 1358 qua
397 1297 507 1342 omnes
536 1284 669 1351 utimur,
701 1276 759 1342 red
790 1285 1031 1347 medicamentis
1061 1288 1247 1362 permixtam

95 1395 121 1446 et
147 1393 386 1446 onerataru“
418 1381 560 1464 (uidetur
583 1386 667 1445 enim
693 1386 752 1444 lroc
774 1385 875 1446 luisse
900 1387 1180 1471 properatam)
1210 1392 1247 1449 ct.

95 1488 253 1550 Columell.
277 1489 311 1547 X.
338 1489 413 1548 116:
445 1486 602 1562 Sectaque
625 1486 745 1571 (radix)
775 1492 943 1566 praebetur
974 1491 1100 1552 madido
1124 1494 1247 1553 sociata

99 1596 217 1671 upino,
240 1591 282 1651 Ut
305 1591 465 1652 rainucci
489 1590 667 1665 proritet
692 1593 837 1666 pocula
861 1594 980 1668 zythi.“
1026 1596 1165 1671 Longius
1190 1597 1247 1672 igi-

96 1716 135 1756 ur
159 1714 230 1756 curn
253 1697 315 1755 hoc
338 1696 409 1754 loco
434 1692 595 1768 discrepat
621 1692 708 1753 locus
723 1695 755 1753 ll.
782 1697 811 1763 l,
836 1697 891 1756 24:
916 1698 987 1770 quis
1013 1696 1073 1756 udo
1096 1697 1248 1772 Depro-

95 1814 239 1876 serare
271 1799 365 1872 apio
390 1813 562 1856 coronas
587 1798 721 1857 Curatve
745 1804 874 1872 myrto“
908 1803 939 1855 et
964 1816 1044 1871 quos
1069 1801 1247 1873 composui-

95 1921 160 1961 nus
185 1900 262 1959 Siai.
286 1899 421 1970 Coniect.
449 1899 523 1958 lilii.
555 1919 584 1974 p.
612 1900 682 1960 269.
741 1898 893 1969 Quoniam
923 1905 1028 1958 aulem
1052 1915 1169 1960 morem
1193 1919 1247 1959 uu-

95 2009 215 2080 guenta
237 2001 311 2061 vino
332 2001 524 2062 admiscendi
550 2000 658 2083 (quem
681 2018 800 2061 morem
825 2001 935 2077 paucis
959 2001 1235 2076 perstrinxitsscnt

95 2105 196 2175 lejus,
221 2104 363 2180 pluribus
387 2105 626 2165 edisseruerunt
650 2104 823 2164 Salmasius
846 2104 956 2164 Exere.
979 2103 1057 2164 Plin.
1082 2123 1112 2181 p.
1129 2107 1189 2166 500
1203 2123 1248 2180 sq.

95 2207 251 2269 lirhardus
275 2206 399 2266 Petrou.
424 2227 454 2283 p.
480 2209 550 2267 868.
596 2208 781 2268 Perizonius
806 2208 928 2267 Aeliau.
952 2206 987 2264 V.
1019 2207 1097 2267 ilist.
1122 2208 1187 2269 xit.
1210 2211 1244 2271 31

96 2332 115 2370 i.
148 2312 206 2369 tlt
232 2307 294 2389 sq.)
325 2308 377 2367 hic
410 2308 544 2368 iudicari
574 2309 736 2384 apparuit,
769 2325 808 2368 ne
839 2310 899 2368 hoc
931 2308 1057 2383 quidem
1082 2312 1247 2370 obscurum

95 2420 159 2480 est,
184 2412 268 2486 quod
290 2430 352 2471 nou
376 2418 568 2485 assequutus
593 2418 639 2470 est
659 2411 811 2472 Lelrrsius
837 2410 944 2485 pix,
969 2417 1055 2469 recte
1080 2412 1111 2471 in
1138 2413 1249 2470 eodem

95 2531 167 2573 roco
193 2514 428 2573 cornrncrnorari
452 2514 559 2589 Syram
584 2530 717 2574 mercem
742 2521 770 2573 ct
798 2512 989 2572 Atlanticum
1014 2529 1106 2572 mare.

609 2734 739 2830 xvtll.

177 2913 311 2970 Versum
337 2913 434 2969 Carur.
461 2912 479 2968 l.
507 2912 556 2978 37,
580 2910 635 2967 23:

645 3030 923 3087 neclateutes

437 3134 581 3191 Classe
606 3130 687 3190 cita
711 3129 857 3210 repararit
880 3146 971 3188 oras

95 3250 274 3324 intiquitus
298 3252 345 3310 sic
369 3252 520 3326 scriptum
544 3250 660 3311 iuissc:

651 3384 726 3428 nec
749 3370 930 3428 latentes

436 3476 580 3534 Classe
605 3473 687 3532 cita
709 3490 813 3552 rapere
836 3469 886 3533 tur
909 3488 999 3529 oras

95 3593 253 3669 singulari
277 3593 496 3668 disputatione
529 3594 804 3669 comprobavimus
830 3591 1069 3652 Subsicivorum
1093 3594 1199 3668 capite
1223 3594 1255 3650 ll.

95 3719 120 3772 p.
140 3697 238 3754 i-l
271 3696 393 3776 (Progr.
416 3697 529 3757 Fricdl.
555 3694 664 3778 1854).
721 3693 816 3765 Cujus
841 3696 1021 3755 sententiae
1046 3695 1175 3754 mininie
1199 3711 1256 3753 nos

95 3797 262 3872 poenitet,
287 3805 455 3873 postquam
476 3800 632 3859 Linkerus
655 3799 716 3857 hoc
740 3799 886 3872 protulit:
911 3798 1016 3857 Clam
1040 3803 1257 3871 penetrare

95 3899 264 3977 paravit
297 3911 408 3971 oras“‚
438 3901 642 3961 Ecksteinius
678 3918 726 3976 ap.
751 3900 863 3960 Muetz.
889 3903 968 3960 Actt.
999 3900 1037 3959 ad
1060 3916 1163 3975 gymn.
1189 3912 1252 3971 per·

95 4003 151 4062 tin.
174 4001 255 4061 lilll.
289 4005 412 4078 piil:
451 4005 612 4079 reparavit
646 4005 746 4072 iraS,
783 4002 981 4062 llleirrekius:
1014 3999 1257 4058 Sollicitare

95 4106 288 4182 paravit,
319 4107 470 4166 Lalrrsius
501 4124 531 4180 p.
554 4107 646 4166 itti
671 4110 719 4165 rel
745 4109 805 4167 lroc
828 4114 902 4179 apte
926 4103 1020 4163 scribi
1045 4101 1106 4159 sibi
1131 4116 1258 4176 persua·

95 4210 154 4269 sit:
181 4209 236 4267 ite
259 4210 427 4282 trepida
451 4211 689 4284 penetravit
714 4220 824 4277 oras“,
848 4209 915 4274 alii,
938 4214 973 4264 ut
985 4204 1168 4263 Leulroliius
1186 4204 1256 4263 Ani

95 4311 223 4369 madrv.
258 4311 288 4369 iu
320 4313 440 4385 aliquot
472 4311 544 4370 llor.
577 4313 664 4369 locos
705 4330 731 4384 p.
752 4314 797 4370 to.
829 4311 933 4384 Progr.
966 4307 1078 4380 Rupiu.
1112 4306 1192 4368 1858
1230 4314 1261 4365 et

1058 4413 1073 4469 ³
1243 4390 1377 4528 l
