2806 4866
668 287 733 360 lot

119 468 243 524 aetate-
265 461 367 521 tuisse
402 461 665 524 exercitationem
701 471 733 525 et
770 464 875 525 ludum
912 457 1010 544 (quae
1037 463 1282 527 blitscherliehii

120 563 286 625 sententia
309 568 358 623 est
381 568 414 622 et
437 561 594 626 Huscbltii
616 565 897 642 Peerlkampiique
919 579 957 625 uc
971 555 1130 649 Lelirsii)‚
1154 572 1188 626 ut
1204 565 1280 628 illuc

121 671 266 744 spectet,
297 664 381 741 quod
412 680 451 725 ca
472 663 561 742 ipsa,
592 683 674 743 quae
702 671 926 736 recensentur,
956 665 1119 727 locatum
1149 667 1282 731 Romani

121 787 181 831 suo
206 769 344 845 quisque
373 767 505 830 arbitrio
537 769 660 848 eligere
693 773 936 831 consueverunt.
980 766 1093 846 Magna
1116 769 1199 829 enim
1222 771 1281 831 llo·

121 889 286 933 manorum
314 871 405 930 turba
427 870 484 937 illa
503 876 610 933 aetate
640 871 672 932 in
697 871 830 934 Graecia
858 876 956 946 atque
980 870 1075 940 Asia,
1104 871 1161 932 ubi
1183 872 1281 934 animi

122 991 220 1036 causa
243 973 283 1035 ad
305 980 431 1050 tempus
454 980 652 1035 morarentur
675 974 746 1037 sive
769 972 890 1051 publici
913 979 1014 1034 status
1037 973 1146 1034 taedio
1170 974 1281 1036 emissi

122 1079 194 1138 sive
232 1075 384 1153 cupidine
419 1075 505 1152 capti
540 1076 676 1138 mirandi
711 1075 832 1136 veteris
868 1074 1053 1151 opulentiae
1087 1091 1125 1136 ac
1158 1077 1289 1157 gloriae

122 1177 265 1257 vestigia
287 1177 357 1239 sive
379 1178 445 1239 alia
466 1177 773 1254 sequuti'consilia,
808 1193 891 1254 quae
915 1196 974 1240 nos
998 1195 1028 1255 p.
1044 1178 1102 1240 til
1121 1194 1168 1254 sq.
1191 1193 1282 1241 euar-

121 1282 280 1351 ravimus,
303 1294 420 1357 nuper,
443 1288 477 1340 ut
499 1279 614 1350 audio,
637 1281 911 1343 Friedlaenderus.

208 1383 296 1444 llaec
319 1383 417 1461 igitur
439 1382 566 1460 singula
589 1383 758 1445 subtiliore
786 1382 977 1460 quaestione
1006 1383 1083 1445 olim
1109 1380 1280 1460 explicavi.

121 1485 245 1558 Quibus
285 1501 379 1561 quum
420 1483 518 1546 nolim
558 1485 740 1548 uberiorum
779 1486 973 1563 quorundam
1019 1486 1283 1548 incrementorum

120 1586 344 1651 accessionem
378 1583 569 1664 adjungere,
608 1588 742 1664 primum
778 1595 883 1652 tamen
916 1606 979 1650 non
1015 1578 1214 1665 praeteream
1243 1589 1282 1648 ab

120 1689 246 1752 Orellio
269 1707 300 1765 p.
321 1688 360 1750 52
393 1706 455 1750 non
487 1689 567 1750 satis
596 1690 769 1768 perspicue
792 1696 824 1750 et
846 1690 980 1753 definite
1009 1690 1111 1753 relata
1133 1705 1208 1751 esse
1232 1706 1282 1761 ea,

121 1793 242 1871 quibus
266 1806 360 1852 versu
388 1791 426 1850 10
451 1791 512 1850 hoc
526 1789 690 1851 Horatium
713 1789 858 1868 proliteri
877 1790 1072 1851 obtinuimus
1095 1807 1124 1866 p.
1142 1790 1201 1850 381
1217 1806 1283 1866 sup:

120 1895 231 1958 locum
259 1893 441 1968 victumque
472 1891 534 1954 sibi
564 1893 692 1967 placere
723 1892 805 1953 inter
836 1891 980 1967 Spartam
1013 1889 1282 1965 patientissimam

121 2003 156 2058 et
172 1995 315 2058 Larisam
337 1994 506 2056 delicatam
530 1993 623 2070 quasi
644 1991 791 2054 medium.
825 1991 950 2054 Deinde
965 1992 1007 2053 de
1021 1992 1168 2053 versibus
1187 1995 1281 2067 usqu

188 2100 304 2168 Sunt,
341 2097 488 2173 quibus
517 2114 630 2158 unum
663 2113 763 2174 opus
794 2102 856 2156 eet
887 2095 1071 2157 intactae
1100 2093 1284 2157 Palladis

945 2214 1063 2260 arces

189 2341 196 2352 ·
253 2301 384 2366 tamine
405 2307 606 2379 perpetuo
629 2301 845 2361 celebrare
870 2308 909 2361 et

189 2406 318 2486 uultque
339 2406 503 2486 decerpta·
525 2401 617 2466 tronti
640 2416 897 2479 praeponere
919 2400 1036 2480 eduen,

122 2511 240 2590 quibus
262 2509 427 2570 mirificam
452 2507 656 2569 sedulitatem
679 2503 841 2566 hominum
870 2503 956 2565 omui
979 2511 1012 2564 et
1035 2504 1128 2566 ruodo
1152 2510 1184 2565 et
1207 2510 1283 2565 teru-

120 2629 204 2692 pore
222 2613 417 2673 Athenarum
439 2610 551 2671 laudes
573 2607 813 2670 memorantium
837 2612 934 2682 atque
954 2606 1036 2668 adeo
1050 2607 1284 2669 decantantium

121 2715 399 2792 comprobavimus
424 2731 453 2789 p.
478 2711 661 2772 ate-etta
690 2711 736 2772 ita
757 2708 909 2786 scriptam
939 2725 1030 2782 esse,
1059 2717 1094 2772 ut
1117 2712 1220 2774 oratio
1244 2711 1282 2772 ad

120 2821 216 2882 illum
238 2833 357 2880 morem
379 2821 557 2893 spectaret,
589 2831 651 2890 quo
675 2819 793 2890 poetae
817 2813 959 2873 solerent
989 2829 1116 2875 carmen
1139 2815 1285 2876 exorsuri

120 2924 283 2990 lauream,
314 2919 385 2980 sive
407 2918 473 2978 alia
495 2933 614 2979 corona
644 2915 776 2992 propior
804 2919 893 2975 esset
916 2921 1101 2989 argumento
1124 2915 1284 2984 carminis,

120 3040 253 3088 sumere
275 3029 308 3084 et
329 3022 425 3087 fronti
448 3033 751 3098 praeponere„non
771 3015 883 3076 omitto
897 3014 1020 3076 Valerii
1035 3014 1164 3076 Maximi
1180 3016 1284 3075 locum

118 3129 174 3193 ΙΙΙ.
198 3128 229 3197 2,
242 3127 298 3187 22:
321 3124 460 3185 uerbosa
481 3120 645 3182 laudum
667 3136 823 3180 suarum
847 3124 966 3180 cantu
990 3117 1150 3180 Graecia“
1174 3131 1282 3193 parem

120 3237 157 3294 et
188 3228 328 3291 similem
358 3227 417 3296 iis,
448 3241 529 3302 quos
552 3242 581 3301 p.
598 3224 658 3284 ddi
689 3222 722 3283 in
750 3220 858 3283 medio
888 3221 1054 3300 proposui.
1106 3219 1192 3280 Nihil
1220 3218 1285 3291 jum

118 3335 267 3397 dicamus
291 3330 331 3391 de
354 3346 464 3391 eorum
486 3325 663 3396 sententia,
688 3341 768 3401 quos
792 3330 946 3400 sequutus
968 3330 1018 3385 est
1034 3322 1203 3396 Lehrsius3
1227 3322 1285 3383 sed

119 3436 240 3517 quibus
264 3432 446 3495 absolvisse
469 3449 501 3507 p.
519 3428 697 3497 atu-,381
732 3425 811 3487 visi·
826 3442 934 3487 sumus
957 3426 999 3487 de
1020 3425 1199 3488 iunonis
1221 3424 1285 3485 v.8

118 3537 311 3607 mentione,
336 3551 375 3597 ea
399 3529 562 3594 retractari
586 3545 721 3592 necesse
746 3534 795 3589 est
817 3534 913 3604 atque
937 3527 1084 3605 expoliri.
1250 3531 1251 3534 ’

660 3765 764 3862 nur..
817 3725 822 3730 ’

106 3944 109 3949 ’
211 3913 352 4020 Namque
376 3958 471 4018 queru
494 3943 599 4002 locum
628 3939 660 4001 in
683 3940 863 4019 desperatis
883 3934 1285 4016 comploratisquehabere

125 4048 212 4110 docti
236 4046 383 4108 homines
408 4049 582 4121 coeperunt
607 4040 650 4127 (v.
665 4043 716 4123 8):

298 4147 440 4210 llnrlnr
462 4147 493 4208 lu
514 4145 685 4208 iunonis
707 4145 846 4209 lemen

213 4255 355 4327 Aptum
378 4248 486 4309 dicit
507 4247 628 4321 equis
652 4249 779 4324 Argos
801 4246 995 4316 ditesque
1018 4241 1226 4317 Mycenas,

1223 4338 1383 4576 s
