2828 4866
748 302 793 374 lb

186 485 221 540 V.
245 484 304 542 421
338 481 406 542 cod.
436 479 544 540 Heins.
583 495 613 553 p.
631 475 707 536 341:
750 476 839 536 Ritus
873 479 947 532 eunt
979 473 1101 534 veteris
1129 474 1351 557 (celebrate)

186 583 334 645 Lemuria
356 581 447 642 sueri.
471 580 560 641 codd.
585 579 624 638 al.
647 579 849 638 celebrare.
883 575 999 636 Letoon.
1021 574 1100 634 vllt.
1125 577 1186 637 1155
1218 583 1353 653 aptare

187 687 348 746 rudentes.
378 685 418 743 al.
441 689 579 760 aptate.
615 678 690 739 Stat.
715 680 813 738 Theb.
836 677 887 736 lll.
918 678 996 736 240:
1033 694 1193 755 pugnare
1228 678 1353 740 Monac.

191 789 227 847 Α.
250 806 295 863 pr.
320 805 359 847 11.
382 788 415 846 Β.
438 786 494 846 Ms.
517 782 622 843 Barth.
646 787 806 858 pugnate
829 779 959 856 reliqui.
983 780 1255 842 Claudian.=liutr.
1271 781 1294 839 l.
1311 783 1351 841 91

189 889 364 951 damnare.
401 886 479 948 Flor.
510 885 686 945 damnate.
723 884 805 945 Vati.
843 883 906 944 l'al.
943 882 1031 944 lam.
1068 884 1108 943 al.
1147 884 1351 974 damnante.

188 995 307 1052 Auson.
330 987 438 1050 ldlll.
465 988 501 1047 11
528 992 685 1063 raptare.
711 987 845 1062 exempl.
868 986 949 1046 Toll.
973 991 1126 1060 raptate.
1151 989 1256 1047 111111
1275 991 1352 1048 Ara-

188 1098 246 1154 tor.
271 1092 307 1152 ll.
331 1090 391 1150 att
418 1087 556 1172 1231),
587 1089 721 1149 alterum
752 1087 830 1148 satis
862 1092 912 1146 est
934 1095 1130 1149 monstrasse
1162 1089 1235 1148 loeo
1260 1089 1352 1149 Clau-

189 1195 274 1259 diani
298 1192 401 1253 Poe.
426 1191 495 1252 Stil.
520 1191 554 1251 ll.
577 1191 657 1250 293:
680 1190 757 1250 Eois
780 1190 878 1250 Omen
903 1194 966 1250 eal
990 1186 1002 1271 (
1015 1196 1103 1251 erat
1125 1190 1205 1251 bled.
1231 1192 1351 1252 Thuan.

188 1297 241 1374 al.)
270 1296 308 1356 ab
331 1294 466 1355 Heinsio
497 1311 526 1370 p.
545 1295 605 1353 395
636 1291 817 1369 disceptato
849 1297 880 1351 et
910 1292 1028 1363 allero,
1062 1292 1116 1369 qui
1149 1299 1197 1353 est
1220 1293 1352 1369 Eutrop.

189 1397 224 1456 lt.
240 1397 316 1458 156:
341 1396 393 1456 Sio
417 1403 490 1457 eat.
513 1395 600 1456 Fam.
624 1395 743 1455 Bonon.
769 1401 879 1464 erat,
904 1400 935 1454 et
959 1394 1066 1456 Ovidii
1090 1397 1164 1456 lllet.
1188 1395 1251 1454 Vll.
1272 1398 1351 1458 5le:

189 1499 292 1558 omnis
323 1504 389 1559 eat
418 1515 520 1559 rerum
546 1496 742 1557 status-iste.
765 1498 908 1560 eontabr.
941 1498 980 1558 al.
1005 1504 1103 1559 erat.
1136 1499 1229 1558 Trist.
1245 1498 1281 1556 V.
1302 1500 1351 1569 ll,

190 1601 245 1663 lt:
270 1601 506 1677 puppiserot.
530 1599 613 1659 Vatt.
636 1604 724 1658 reate
746 1605 823 1658 eat.
857 1601 979 1660 Arator.
1004 1601 1072 1659 not.
1098 1602 1209 1675 Apost.
1233 1600 1269 1659 ll.
1295 1601 1352 1661 27:

189 1697 256 1772 Quo
280 1702 361 1761 duee
382 1708 469 1762 tutus
492 1707 566 1762 eat.
605 1700 701 1778 Lugd.
726 1705 820 1760 erat.
864 1699 1007 1775 Namque
1028 1707 1082 1761 aut
1105 1701 1199 1762 fallor
1221 1708 1275 1762 aut
1292 1704 1352 1763 bao

189 1802 313 1864 demum
342 1809 410 1863 erte
441 1803 544 1863 oratio
575 1819 649 1862 suas
673 1817 712 1862 ex
736 1803 861 1879 integro
885 1801 971 1861 vires
994 1811 1163 1881 recuperat
1194 1811 1226 1864 et
1250 1805 1350 1873 illum,

190 1907 245 1980 qui
268 1906 469 1968 librariorum
493 1905 634 1983 segnitie
658 1905 805 1976 rel‘rinit,
822 1905 915 1981 quasi
939 1907 1093 1967 colorem:

362 2025 467 2086 Nune
490 2031 553 2085 est
575 2024 811 2093 bibendum,
832 2041 940 2100 1111
960 2025 1064 2100 pede
1088 2027 1221 2087 libero

361 2126 562 2186 Pulsanda
585 2127 733 2198 lellus,
760 2142 863 2186 nuno
885 2124 1120 2213 Saliaribus

424 2223 573 2308 (Ornale
596 2228 787 2303 pulvinar
810 2225 1015 2312 deorurn'.)

480 2331 648 2405 Tempus
672 2336 721 2394 eat
741 2332 934 2410 dapibus,
958 2322 1133 2395 sodales.

190 2446 361 2524 Tempus
386 2455 468 2518 eat,
491 2453 525 2507 ut
549 2449 580 2508 in
606 2450 647 2508 iis
671 2450 770 2520 loeis,
802 2453 856 2526 qui
880 2458 952 2512 sunt
976 2452 1059 2527 apud
1075 2452 1239 2514 Heinsiunt
1257 2453 1350 2512 Ouid.

190 2546 271 2609 Fast
295 2547 331 2606 ll.
358 2549 416 2609 lle
448 2568 475 2624 p.
498 2551 547 2609 tt.

270 2901 381 2979 ltaque
411 2904 464 2965 hio
493 2905 620 2980 quidem
653 2921 820 2998 perperam
843 2906 970 2982 quidam
1005 2909 1045 2969 ad
1076 2910 1269 2972 mentionem
1293 2915 1348 2974 de-

188 3001 298 3066 voluti
319 3014 391 3068 sunt
420 3007 508 3068 illius
540 3009 705 3086 ,‚figurae,
736 3028 798 3087 qua
827 3010 879 3071 usi
916 3010 1030 3074 Graeci
1067 3013 1254 3090 imperfecto
1289 3034 1350 3092 pro

187 3109 351 3180 praesenti
374 3110 477 3169 loourn
500 3111 642 3171 lecerunt
652 3121 687 3184 “3
714 3129 822 3172 verum
845 3112 877 3172 in
901 3115 1040 3175 carmine
1063 3115 1112 3175 111.
1139 3117 1188 3186 12,
1212 3119 1249 3202 6¹:

456 3227 655 3304 Liparaei
678 3228 757 3294 oller
779 3229 873 3309 labrl,
934 3296 938 3302 ,

229 3325 356 3386 Simul
379 3336 525 3390 unetos
544 3330 761 3393 Tiberinis
784 3335 974 3397 humeros
998 3339 1105 3399 lavit
1129 3339 1167 3398 in
1190 3339 1325 3411 undis,

228 3428 360 3504 Eques
384 3432 478 3507 ipso
502 3433 604 3498 noller
626 3436 959 3513 Bellerophonte
982 3454 1114 3514 neque
1144 3458 1278 3518 pugno

457 3535 594 3611 Neque
618 3538 737 3615 segni
763 3541 865 3615 pede
888 3541 1024 3600 victus

185 3666 255 3742 oum
288 3650 426 3713 alatro
449 3655 631 3731 Rothioqae
661 3676 691 3732 p.
709 3658 748 3718 ta
778 3665 843 3720 turn
874 3677 893 3721 a
920 3661 1067 3734 Bentlejo
1092 3697 1133 3710 ·-
1155 3679 1227 3723 nant
1258 3664 1347 3727 illam

87 3830 89 3833 ι
186 3752 339 3829 opinandi
360 3754 541 3827 libidinem,
567 3775 628 3832 qua
651 3757 785 3834 quidam'
802 3761 884 3822 lruno
901 3763 1044 3826 ordinem
1063 3765 1262 3827 machinatus
1279 3777 1345 3830 est:

185 3855 270 3929 qui,
302 3856 396 3916 simul
420 3871 494 3916 seso
518 3859 596 3935 lauit
619 3861 652 3922 in
675 3863 801 3935 Tiberi,
832 3879 931 3940 eques
954 3866 1053 3928 fertur
1063 3878 1093 3939 “,
1124 3870 1345 3948 perstringere

184 3955 265 4017 nihil
279 3957 393 4020 attinet
408 3991 448 4003 -
464 3961 649 4038 quolgitur
669 3964 906 4042 intelligeretur
925 3968 990 4029 diei
1014 3970 1147 4045 ipsum
1170 3970 1343 4034 Hebrum

182 4073 286 4132 usque
319 4059 526 4122 aotuoilori
562 4065 695 4125 nitorem
732 4067 967 4141 formosum,
1004 4090 1023 4132 a
1052 4071 1213 4144 Bentlejo·
1235 4074 1344 4138 alierri

184 4161 325 4230 oportuit
353 4163 440 4225 illam
471 4164 585 4227 Graeci
614 4168 770 4228 sermonis
800 4173 1080 4244 consuetudinem,
1115 4192 1208 4251 quarn
1238 4195 1342 4255 usque

183 4258 222 4319 ab
252 4259 389 4324 Homero
420 4266 475 4327 Od.
497 4267 546 4329 xl.
571 4271 626 4332 ab:
673 4265 765 4354 Ψυχὴ
796 4273 968 4358 Τειρεσίαο
996 4278 1159 4358 σκῆπτρον
1179 4275 1262 4360 ἔχων
1284 4299 1344 4360 per
