2806 4866
607 311 668 386 rto
913 302 921 327 ²

99 489 136 550 rit
171 488 320 549 Valerius
350 486 505 548 Maximus
529 491 579 550 tlt.
602 493 632 560 2,
657 437 712 558 1⁸9,
750 486 835 548 idem
864 485 914 546 Vl.
939 488 968 555 a,
994 487 1033 548 15
1071 483 1215 561 scripsit:

99 610 153 653 rua
180 593 280 670 igitur
310 606 430 650 summa
453 591 729 653 clarissimum
762 589 897 650 mundi
926 589 1041 649 sidus
1072 590 1103 648 iu
1133 588 1215 665 pira-

103 715 121 756 o
143 709 339 771 myoparone
362 693 495 768 rependi
519 696 644 756 fortuna
667 695 801 755 voluit.“

139 799 205 858 lam
236 812 313 856 vero
343 795 520 857 laciendum
554 806 618 868 est,
650 805 683 857 ut.
705 796 915 866 foedissima,
941 813 1032 872 quam
1063 798 1119 857 illa
1141 799 1217 859 Julii

99 900 174 960 laris
196 900 318 960 mentio
342 899 453 969 traxit,
478 903 599 962 macula
623 902 754 962 eluatur.
788 898 877 969 Quod
901 898 1072 959 enimcum
1097 917 1217 970 amaea,

112 1001 373 1077 al'eerllianrpio
398 1004 590 1072 recesseris,
627 1008 771 1071 tuentur,
796 1008 860 1061 tum
884 999 1022 1074 lluuptio
1044 1005 1085 1077 (p.
1102 1000 1138 1085 Ἰ)
1164 1004 1216 1062 ob-

101 1112 212 1180 quutus
236 1103 483 1179 lleynemannus
508 1123 537 1181 p.
562 1106 612 1164 22.
637 1104 693 1164 23:
1048 1096 1054 1107 ¹

569 1209 691 1269 micat
714 1207 790 1270 luter
818 1225 918 1270 mea

315 1310 465 1370 lulium
488 1309 621 1378 sidus,

119 1413 185 1473 vitii
211 1413 413 1473 manifestum
436 1402 485 1470 est
509 1429 600 1487 quam
626 1412 708 1487 quod
732 1412 879 1472 maxime.
924 1411 1002 1472 Sive
1026 1415 1109 1476 enim
1123 1414 1218 1477 Grae-

99 1537 117 1577 ,o
140 1524 169 1577 et
184 1516 437 1576 Mitscherlichio
463 1515 537 1583 das,
562 1516 646 1590 qrrod
665 1515 734 1575 dari
755 1515 842 1574 nullo
860 1518 953 1588 pacto
969 1523 1086 1590 polest,
1111 1519 1219 1580 inter

99 1635 194 1677 nnes
219 1617 302 1676 idem
326 1616 401 1676 es'se
424 1623 521 1691 atque
542 1617 624 1676 inter
648 1633 758 1677 omnes
782 1617 953 1687 stellas,
977 1616 1048 1676 sive
1062 1618 1219 1698 intelligis

99 1739 147 1780 ros
169 1727 224 1781 aut
247 1734 387 1790 „omues
412 1720 568 1778 Romanos
593 1719 692 1788 istos,
723 1737 803 1793 quos
826 1737 845 1780 a
868 1719 1000 1780 Romulo
1025 1721 1099 1781 inde
1122 1721 1214 1782 Hora·

99 1842 126 1882 us
148 1822 372 1883 enurnaravit“
396 1818 550 1903 (Peerlk.)
579 1829 632 1881 aut
663 1829 857 1897 qrrattuor
885 1819 979 1904 (lraec
1002 1826 1085 1884 eninr
1108 1810 1218 1886 adver-

99 1943 119 1983 rs
138 1923 392 2000 Peerlkampium
416 1924 560 1998 prolerre
583 1939 681 1999 posse
705 1924 767 1983 sibi
793 1924 881 1983 visus
905 1932 954 1984 est
975 1925 1218 2001 lleynernannus

119 2029 172 2088 22:
204 2034 377 2103 qrratuor
408 2027 481 2086 illos
505 2026 609 2096 viros,
645 2026 825 2096 Romulum,
855 2027 1058 2102 Pompilium,
1090 2031 1218 2105 Tarqui-

99 2150 163 2202 um,
187 2133 353 2198 Catonem,
376 2136 535 2204 utcunque
557 2130 597 2189 de
619 2114 721 2206 palma
738 2131 820 2190 inter
834 2146 909 2190 sese
923 2138 1060 2202 certent,
1084 2149 1217 2195 omnes

99 2252 164 2296 meu
196 2235 301 2294 tuliae
331 2233 436 2310 gentis
466 2234 568 2309 gloria
602 2235 746 2307 superari
770 2234 900 2295 disertis
923 2235 1030 2296 verbis
1054 2245 1150 2313 poeta
1172 2239 1218 2298 di-

99 2336 166 2420 t“):
191 2336 267 2412 quiid
291 2341 398 2410 potest
421 2335 568 2395 inutilius
592 2341 646 2394 aaut
670 2336 838 2395 absurdius
860 2337 938 2413 fingi
960 2338 1020 2398 hac
1043 2341 1218 2401 sententia:

99 2441 211 2499 ulium
236 2438 351 2506 sidus
376 2438 470 2498 micat
487 2439 570 2498 inter
593 2452 727 2497 omnes
751 2438 917 2508 stellas,
942 2440 1029 2500 velut
1046 2441 1119 2501 luna
1138 2442 1220 2502 inter
1267 2443 1269 2447 ’

106 2541 241 2604 inores
273 2543 409 2601 stellas“
441 2547 494 2599 aut
526 2540 599 2600 illa:
633 2540 736 2599 lulius
759 2540 842 2600 iuter
865 2557 998 2602 omnes
1023 2545 1219 2604 mortales

101 2645 157 2706 irat
180 2647 269 2705 velut
291 2645 366 2704 luna
389 2645 472 2703 inter
495 2643 675 2704 minores
699 2644 820 2720 igne.“
844 2644 1017 2706 autetiam
1040 2662 1096 2716 ea,
1126 2664 1219 2723 quam

99 2764 306 2823 cynemaunus
346 2754 540 2808 commentus
583 2755 646 2807 est:
695 2748 869 2809 omnium
907 2749 1106 2811 Juliorum
1152 2748 1219 2834 (vel

99 2870 225 2913 uorum
255 2853 488 2927 pluriumve
524 2850 692 2932 luliarum)
730 2852 834 2926 gloria
860 2854 956 2913 micat
994 2855 1077 2914 inter
1106 2863 1219 2930 qrrat-

99 2973 154 3015 ror
177 2958 251 3015 hos
276 2956 407 3024 viros,
440 2955 526 3012 uelut
550 2954 643 3012 luna
672 2953 755 3011 inter
784 2953 924 3012 minores
949 2952 1093 3030 ignes?“
1138 2955 1219 3026 Quid

99 3073 142 3117 ero
164 3057 271 3134 aptius
296 3064 327 3115 et
351 3055 507 3133 integrius
526 3055 588 3114 hoc
612 3054 738 3115 ordine:
769 3061 874 3115 tantus
897 3056 982 3115 nitor
1003 3056 1080 3117 tulii
1102 3057 1219 3118 sideris

99 3156 132 3231 ti·
154 3167 289 3236 quantus
313 3159 405 3218 lunae
430 3160 512 3218 inter
535 3160 675 3219 minores
691 3138 798 3234 ‘ignes
826 3156 1003 3235 fulgentis?
1048 3159 1147 3230 Quem
1172 3179 1220 3221 or-

101 3280 169 3324 nem
200 3268 306 3322 servat
336 3261 515 3322 Scholiasta
544 3263 658 3322 Lucan.
681 3261 703 3320 l.
728 3263 787 3322 535
818 3279 848 3336 p.
871 3262 926 3320 82:
965 3279 1074 3322 omnes
1105 3265 1219 3325 stellae

99 3373 136 3428 nrt
158 3366 299 3426 minores
323 3365 361 3425 ad
386 3365 652 3440 comparationem
677 3364 788 3434 lunae,
812 3363 897 3423 uude
913 3363 1078 3424 Horatius:
1101 3367 1131 3426 M
1139 3367 1221 3427 icat

98 3471 211 3536 ilium
250 3468 381 3536 sidus,
419 3468 507 3527 velut
537 3469 612 3527 luna
647 3466 730 3527 inter
759 3467 898 3526 minores
928 3466 1052 3543 ignes.“
1111 3470 1220 3545 ltaque

99 3572 239 3632 llendum
263 3577 312 3629 est
336 3569 420 3628 istud
444 3569 555 3629 inter
579 3585 732 3640 omnes,
757 3570 842 3645 qrrod
865 3575 928 3629 tam
950 3571 1082 3642 humile,
1105 3580 1139 3632 ut
1158 3570 1222 3631 soli

99 3683 165 3735 etro
190 3675 296 3734 datum
319 3688 393 3732 esse
416 3672 601 3741 videatur“,
630 3690 691 3732 non
722 3672 879 3732 immerito
904 3673 949 3733 ait
969 3672 1220 3749 Peerlkampius,

99 3781 177 3838 lsum
201 3792 275 3836 esse
298 3783 425 3851 praeter
447 3791 502 3845 aa,
525 3792 608 3851 quae
630 3792 725 3849 supra
746 3776 925 3846 attulimus,
950 3792 989 3836 ea
1003 3792 1054 3834 res
1071 3775 1220 3844 declarat,

99 3882 151 3942 rod
182 3881 210 3939 si
240 3879 344 3938 tuliae
372 3881 477 3956 gentis
507 3877 641 3956 gloriam
669 3877 849 3969 praedicari
879 3879 1010 3947 statuis,
1039 3895 1106 3937 cum
1137 3877 1221 3938 Julio

99 3999 204 4045 cesare
228 3982 332 4058 magni
357 3982 504 4044 Caesaris
527 3981 645 4041 mentio
674 3988 883 4058 praepostere
913 3978 1044 4040 confusa
1073 3986 1138 4048 est,
1171 3979 1220 4038 sin

101 4106 171 4147 sum
194 4084 309 4145 lulium
334 4086 431 4145 sumis
462 4086 544 4146 inter
573 4100 685 4145 omues
708 4086 858 4145 mortales
883 4081 1060 4151 excellere,
1090 4098 1222 4158 magnus

99 4207 201 4259 resar,
233 4190 287 4263 qui
311 4206 372 4247 nou
396 4189 535 4248 omnium
558 4188 696 4251 virorum
719 4188 813 4248 modo
837 4184 1034 4245 clarissimus
1056 4185 1134 4253 fuit,
1165 4185 1222 4244 sed

98 4313 129 4354 ro
162 4293 243 4351 Jove
276 4291 378 4350 minor
414 4303 490 4347 esse
518 4289 652 4359 dicitur,
688 4290 772 4348 Julio
803 4294 835 4345 et
861 4284 925 4356 jam
953 4287 1161 4376 posthalretur
1191 4294 1222 4346 et
