2806 4866
328 479 412 541 Mon
436 481 502 541 ubi
525 480 646 544 indulsit
668 481 789 540 satis:
813 479 1027 559 Atrebati,

330 583 463 653 Dixit,
486 584 638 643 irarum
662 580 909 656 calidaeque
931 585 1063 645 rixae

330 687 418 757 Qun
440 685 518 746 tibi
541 685 669 764 latreus
690 683 910 745 lacerando
933 685 1086 746 reddet

439 787 591 846 Cornua
610 782 768 846 taurus!

123 889 252 950 Rectius
277 890 363 949 enim
388 887 621 947 indulsisse
644 887 834 961 querenti
860 882 1014 968 (utente
1037 907 1068 946 v.
1091 890 1145 949 dd:
1165 887 1233 947 aderat
1271 912 1279 950 n

122 991 267 1069 querenti
275 988 312 1073 ⁶⁸)
334 989 442 1049 Venus
464 989 596 1059 dicitur,
625 989 698 1049 dum
721 990 769 1049 rei
791 989 967 1049 veritatem
991 991 1168 1064 patefacere
1185 1004 1233 1049 coo
1276 1014 1279 1052 l

122 1095 246 1156 modum
273 1098 377 1161 esset,
406 1109 514 1166 quam,
538 1091 571 1150 id
594 1092 679 1166 quod
701 1092 850 1167 opinatur
872 1108 893 1151 a
915 1092 1139 1168 Porphyrione
1159 1090 1232 1166 pttl.
1261 1102 1278 1166 j

122 1201 179 1257 20:
203 1200 370 1272 postquam
392 1192 445 1252 diu
469 1208 564 1267 passa
587 1199 636 1252 est
650 1194 737 1254 illam
760 1195 942 1271 ignaram
965 1195 1135 1256 felicitatis
1146 1194 1232 1254 dcun
1261 1200 1279 1267 tl

121 1317 180 1360 suo
202 1295 355 1368 conqueri
365 1304 384 1328 ‘⁶
408 1294 603 1355 dissentiens
618 1293 874 1369 Peerlkampius,
898 1296 1067 1357 lusisse
1089 1299 1232 1368 aereseptt
1261 1296 1279 1372 ln

120 1417 161 1463 ue
184 1400 223 1460 ab
245 1398 372 1472 Europa
392 1397 638 1471 conspiceretur.
671 1399 720 1458 De
742 1415 806 1473 qua
828 1415 864 1458 re
886 1399 989 1473 paulo
1013 1400 1146 1460 interius
1165 1393 1233 1457 llll.
1263 1401 1278 1474 1

121 1504 228 1581 aliqua
250 1500 445 1572 adjiciemus,
470 1517 532 1575 que
545 1500 586 1559 de
598 1500 764 1576 Antiphilo
779 1501 906 1562 dicetur
922 1498 969 1584 (p.
985 1505 1028 1564 ⁶3
1045 1511 1077 1564 et
1092 1502 1152 1586 ol).
1186 1499 1232 1559 loli

121 1615 228 1670 autem
248 1622 305 1682 pro
329 1619 369 1664 ca
391 1603 551 1664 sententia
572 1602 711 1663 disertus
734 1618 826 1674 esse,
858 1604 891 1665 iu
919 1623 1018 1680 quam
1049 1606 1151 1668 diduci
1175 1616 1232 1662 roco

122 1724 288 1778 cornea,
311 1714 471 1774 taurus,
493 1698 675 1785 ἀπαίροντος
695 1707 768 1779 quis
791 1712 841 1765 est
864 1707 944 1782 quin
967 1715 1061 1771 certe
1080 1705 1233 1786 pervalde

89 1871 93 1877 ,
123 1813 243 1874 narium
266 1808 429 1872 Animadv.
453 1807 492 1868 ad
515 1807 654 1866 Ammon.
678 1822 707 1880 p.
724 1806 763 1866 lo
787 1825 833 1881 sq.
858 1814 892 1866 et
913 1808 1130 1888 Bunuennum
1153 1809 1234 1870 rum
1271 1824 1279 1864 i

126 1913 185 1976 131
208 1929 237 1987 p.
262 1911 324 1971 828
354 1916 386 1969 et
414 1912 454 1971 21
484 1924 513 1983 p.
530 1909 590 1968 lltl
612 1914 808 1984 compertum
829 1907 974 1970 lrabeat?

207 2013 296 2086 Quod
318 2019 423 2073 etitem
446 2014 564 2088 legitur
587 2029 616 2067 v.
641 2010 697 2067 te:

701 2109 886 2171 lacerare
909 2112 994 2178 hm
1022 2125 1064 2177 et

289 2216 492 2289 Frangere
515 2211 650 2271 enitar
672 2212 786 2273 modo
809 2216 976 2278 multum
999 2227 1126 2286 amati

397 2315 694 2384 Coruuataurh

123 2423 155 2484 id
177 2420 316 2500 graviter
338 2434 357 2479 a
377 2417 511 2477 Lehrsio
534 2433 564 2491 p.
586 2417 708 2477 LXXVI
736 2418 953 2496 vituperatum
986 2443 1091 2502 quum
1119 2414 1182 2495 aliis
1201 2439 1242 2485 sat·

123 2535 187 2586 tum
217 2529 334 2583 tectum
362 2519 552 2594 relinquam,
581 2521 683 2580 veluti
713 2522 833 2582 Soxoni
862 2524 1003 2590 Gramm.
1035 2532 1120 2594 llist.
1147 2536 1209 2596 Dan.
1224 2523 1245 2585 ll·

123 2645 152 2702 p.
178 2625 233 2685 sl:
269 2620 423 2682 lorices
446 2621 601 2681 lacerat
630 2620 818 2693 ferrum“,
848 2627 882 2686 iu
909 2630 977 2692 hoc
1006 2639 1118 2698 tamen
1148 2633 1249 2700 carmin

122 2745 184 2787 non
213 2723 323 2784 dubito
352 2721 427 2797 quin
459 2722 580 2782 librarii
611 2723 683 2798 ipso
715 2742 756 2786 eo
785 2726 919 2803 decepti
949 2737 1129 2800 verborum
1165 2737 1254 2801 ordin

123 2842 216 2904 quem
238 2824 321 2899 apud
343 2824 508 2899 utriusque
531 2825 659 2901 linguae
683 2829 857 2904 scriptores
878 2833 996 2910 (sepo
1021 2840 1075 2912 Αἱ.
1096 2843 1170 2906 181.
1190 2843 1257 2902 lton·

121 2929 228 3004 hardy.
252 2927 336 3004 Syut.
367 2943 396 3001 p.
421 2928 492 2988 411.
544 2928 615 2988 Seu.
640 2930 746 2990 Octav.
772 2934 844 2994 asa.
870 2933 947 2997 llor.
972 2939 1081 3003 carm.
1107 2939 1262 3014 111.tl,t‚

122 3035 162 3094 de
184 3049 246 3107 quo
269 3031 350 3091 inira
371 3029 478 3090 LXXV
500 3030 639 3111 dicetur)
668 3032 763 3109 longe
791 3038 1057 3110 receptissimum
1088 3063 1167 3109 esse
1195 3060 1265 3110 neno

121 3139 285 3213 poetarum
306 3133 448 3193 lectione
472 3133 523 3192 vel
546 3132 660 3193 leviter
684 3135 822 3197 imbutus
842 3136 906 3208 jem
930 3141 1082 3220 ignorat,
1119 3167 1219 3225 pravo
1237 3150 1269 3210 in·

121 3239 232 3301 stituto
255 3237 287 3296 in
311 3236 415 3296 locum
439 3234 602 3295 intulerint
625 3238 664 3296 ab
687 3237 781 3298 initio
805 3239 853 3299 sio
875 3243 1125 3323 consignatum:

686 3341 880 3402 lacerare
902 3362 973 3408 rara
998 3357 1039 3408 et

290 3444 490 3520 Frangere
515 3442 646 3503 enitar
669 3443 781 3504 modo
805 3446 970 3508 multum
994 3460 1126 3518 amati

396 3543 694 3604 Cornuateuri

121 3645 387 3724 Quemadmodum
416 3643 547 3705 Ovidius
583 3646 714 3706 eandem
750 3646 906 3724 Europam
938 3651 1016 3713 lacit
1049 3659 1124 3720 Am.
1151 3663 1174 3722 l.
1200 3666 1230 3735 3,
1251 3661 1281 3723 tl

120 3754 280 3816 tenentem
308 3746 456 3825 virginea
490 3763 640 3809 cornua
674 3766 769 3809 vera
803 3761 929 3811 menu.“
975 3753 1092 3820 Heius.
1120 3766 1206 3826 Adv.
1231 3766 1281 3824 tt

123 3875 151 3936 p,
174 3854 214 3914 10
230 3867 276 3927 sq.
299 3851 337 3911 cl.
361 3848 478 3910 Hemst.
501 3851 630 3912 lucian.
653 3852 689 3912 Ι).
713 3850 786 3910 Mer.
805 3852 889 3921 ree
913 3872 942 3930 p.
963 3858 1035 3920 3112.
1070 3862 1182 3927 Burin.
1201 3868 1281 3930 ntuli¹

119 3945 185 4025 Lot.
209 3953 231 4014 Ι.
256 3954 294 4015 11
330 3970 361 4029 p.
384 3952 414 4012 d.
448 3951 537 4011 lehn.
561 3953 650 4027 Rapt.
672 3951 786 4027 Europ.
816 3972 846 4029 p.
873 3956 910 4014 ll
940 3965 1008 4020 not.
1039 3963 1064 4022 l.
1123 3967 1190 4029 Per
1214 3987 1281 4046 quos

120 4069 226 4128 autem
248 4056 363 4138 medus
386 4055 542 4116 descitum
565 4073 584 4116 a
605 4070 683 4114 vero
706 4054 819 4124 luerit,
842 4056 938 4118 focile
961 4062 1120 4140 colliget,
1150 4074 1210 4146 qui
1234 4074 1281 4133 fre

122 4161 360 4246 quentissimam
384 4158 569 4241 cognoverit
594 4173 667 4217 csse
695 4159 959 4238 percontationem
992 4181 1113 4228 vocum
1137 4171 1232 4234 iere
1260 4180 1281 4233 el

121 4273 225 4344 lero,
249 4269 262 4328 1
268 4283 356 4328 erro
380 4262 485 4349 (Wak.
509 4263 631 4322 Lucret.
656 4261 676 4319 l.
702 4261 762 4319 tlt
787 4278 815 4335 p.
835 4262 903 4321 100.
949 4262 1082 4328 Eumen.
1097 4271 1272 4346 Panem
