2806 4866
676 288 716 360 11

121 470 220 540 Quam
249 479 351 543 prope
376 469 448 524 sunt
472 463 575 525 oculis
599 480 681 524 nunc
704 461 851 525 adeunda
873 465 969 527 tuis.“
993 464 1103 527 Seuer.
1128 468 1220 529 Coos.
1246 468 1285 527 ad

116 573 211 634 Marc.
240 571 295 630 l't:
334 569 420 628 illam
452 567 678 628 fabulosam
709 566 888 642 Charybdin
922 603 960 613 -
990 570 1284 631 celebratissi-

116 692 217 736 mum
243 671 435 732 carminibus
456 669 574 729 iontem
588 669 811 730 A1·ellrrrsarn.“
857 654 955 746 Epist.
971 673 1026 732 ld:
1052 687 1110 731 nec
1132 687 1183 732 me
1206 671 1283 734 Oba-

120 777 230 854 rybdis
254 780 285 834 et
306 773 413 848 Scylla
436 779 467 830 et
492 772 505 830 1
511 773 682 832 abulosu
693 789 720 831 m
747 772 830 832 istud
854 772 965 833 tratum
989 773 1205 834 deterrere
1228 793 1282 853 po-

122 881 279 947 tuisset“,
304 875 443 950 denique
470 877 573 952 ipsum
596 873 778 943 Horatium,
803 875 891 946 cujus
916 877 1175 938 commemoratio
1200 878 1282 938 nihil
1394 916 1399 921 -

121 982 241 1059 profuit
267 980 388 1039 Orellio
413 999 441 1055 p.
458 979 508 1047 38,
533 979 554 1036 l.
579 977 630 1048 22,
655 980 672 1037 1
686 1000 692 1037 :
717 995 798 1054 quae
824 981 892 1040 loco
918 981 1138 1042 labulosus
1161 982 1283 1042 Lumbit

118 1085 321 1169 Hydaspes“
345 1078 356 1139 (
361 1081 392 1141 id
417 1087 463 1140 est
492 1081 624 1150 fluvius,
648 1082 688 1140 de
705 1100 767 1156 quo
784 1083 866 1144 lama
888 1090 916 1142 et
934 1084 1087 1144 tabulae“
1112 1085 1196 1161 Lips
1211 1085 1282 1144 Sen.

117 1189 176 1264 Ep.
203 1189 221 1246 l.
247 1186 405 1247 (111112
445 1184 773 1245 crucicularum.
809 1187 910 1261 psa:
949 1187 1172 1247 1111116116.
1197 1189 1282 1249 labu-

121 1271 231 1359 11111,
270 1289 311 1348 (16
341 1289 455 1362 quibus
488 1289 587 1348 multa
623 1287 837 1371 aminnium),
899 1290 1012 1349 Verum
1052 1290 1214 1351 enimuero
1251 1297 1283 1351 ut

121 1394 252 1470 potiora
274 1393 355 1452 baec
378 1391 438 1451 sint
473 1391 532 1458 iis,
569 1407 650 1464 quae
682 1391 738 1451 alii
768 1392 984 1468 disputarunt,
1015 1409 1090 1453 vern
1121 1409 1194 1454 esse
1221 1392 1284 1464 jam

123 1497 206 1557 adeo
236 1513 297 1555 non
331 1512 456 1570 pugno,
494 1500 524 1552 ut
560 1500 588 1552 et
621 1494 873 1571 Peerlkauqrium
904 1495 1026 1570 aliquid
1056 1497 1178 1557 dixisse
1210 1518 1282 1558 cou-

121 1599 251 1666 cedam,
283 1598 337 1671 qui
370 1596 409 1654 de
440 1597 652 1664 fabuloso,
686 1596 804 1671 iuquit,
839 1615 944 1658 rerum
978 1606 1043 1667 est,
1073 1598 1113 1657 de
1145 1599 1283 1660 tabula

118 1702 276 1769 dubito“,
317 1706 348 1758 et
371 1698 534 1759 ltlciuelrio
565 1700 738 1768 assentiar,
775 1703 827 1775 qui
869 1702 1096 1778 „corruptelae
1132 1703 1281 1778 signum“

118 1803 275 1881 apposuit.
300 1803 380 1878 ipsis
406 1803 445 1862 iis
471 1803 595 1870 1611111,
620 1819 701 1877 quac
726 1805 772 1861 sic
796 1803 940 1862 al'ersio
965 1809 996 1861 et
1014 1804 1184 1865 Prudentia
1201 1805 1284 1864 lecta

120 1907 230 1968 luisse
260 1907 338 1965 satis
368 1906 473 1965 mirari
509 1921 633 1979 nequeo
665 1903 748 1978 qnod
773 1904 935 1975 Bentlcjus
966 1923 1023 1981 pro
1048 1912 1135 1965 certo
1159 1907 1283 1980 putavit

125 2007 391 2081 credideruntque
420 2025 487 2065 cum
514 2008 602 2067 multi
627 2014 692 2065 tum
714 2005 953 2081 Peerlkampius
979 2015 1011 2066 et
1035 2006 1196 2068 liebrsius.
1231 2006 1283 2067 Sic

127 2117 234 2172 autem
259 2100 376 2171 statuo:
403 2113 497 2171 rerba
523 2118 558 2169 et
583 2112 716 2170 Maura
742 2115 837 2184 (quae
862 2116 891 2168 et
912 2113 992 2171 Acro
1017 2112 1148 2186 praebet
1172 2118 1203 2170 et
1221 2111 1283 2172 duo

121 2216 220 2274 Dorr.
246 2212 388 2273 codices:
425 2214 634 2288 tabulaeque
667 2221 702 2272 et
727 2212 903 2296 ltlanes‘⁴)
935 2229 973 2273 eo
1005 2213 1116 2283 modo,
1151 2215 1191 2274 de
1221 2234 1282 2290 quo

121 2317 173 2374 rel
202 2331 241 2376 ex
267 2316 362 2375 thob.
386 2316 491 2376 Par-oo.
519 2316 551 2373 11.
577 2316 594 2370 8
627 2315 798 2390 121611.
830 2316 1028 2376 existimatur
1059 2324 1090 2375 et
1115 2333 1154 2377 ex
1178 2319 1283 2378 Psello

116 2422 233 2480 Daeru.
266 2439 292 2494 p.
320 2419 374 2480 19:
412 2415 464 2480 ἐπὶ
494 2421 553 2480 τῶν
583 2414 748 2500 ἐνόπτρων
779 2411 875 2500 ὁρᾶν,
905 2419 958 2479 ubi
990 2421 1114 2486 „rerba
1138 2420 1167 2479 iu
1194 2420 1284 2479 codd.

123 2523 233 2582 GABD
258 2521 366 2582 addila
390 2517 551 2604 ἐνόπτρων
573 2524 626 2583 καὶ
651 2525 713 2582 τῶν
733 2523 884 2584 andnima.
922 2524 952 2582 C.
966 2517 1126 2604 ἒςόπτρων
1141 2522 1285 2585 σπὲκλων

126 2640 203 2684 esse
226 2628 414 2702 glossema“
441 2626 600 2685 intellexit
620 2624 849 2684 Boissouadins
874 2645 902 2701 p.
921 2626 1000 2694 234,
1025 2625 1282 2701 interpretandae

123 2728 198 2787 voci
222 2732 385 2790 umbrae
408 2729 517 2809 (quam
540 2729 622 2804 apud
646 2728 846 2789 Prudentium
872 2730 958 2788 Cath.
975 2727 1010 2786 V.
1039 2729 1098 2788 135
1122 2728 1282 2791 11116111.

119 2831 202 2892 Adu
226 2830 248 2889 1.
277 2831 313 2890 11
349 2851 377 2907 p.
397 2832 472 2892 168:
515 2830 738 2892 Umbrarum
778 2833 946 2907 populus“
977 2833 1008 2891 iu
1039 2832 1160 2907 aliquot
1193 2834 1283 2893 libris

117 2935 272 2993 videmus
303 2934 501 2994 successisse
532 2933 604 2994 voci
635 2935 861 2994 tunctorum
900 2934 936 2992 cl.
969 2933 1041 2993 Son.
1067 2935 1171 2992 Oeten.
1206 2934 1282 2994 958:

118 3039 233 3097 tristes
267 3036 371 3096 mittat
401 3037 440 3096 ad
470 3039 625 3096 umbras¹
656 3039 751 3096 Ferus
777 3043 806 3096 et
830 3033 1003 3119 Manes“)
1029 3053 1044 3094 1
1070 3036 1283 3112 grammaticis

122 3141 226 3200 luisse
251 3140 428 3215 adscripta,
466 3140 540 3199 inde
572 3141 601 3199 iu
636 3141 738 3216 ipsum
770 3156 894 3199 versum
930 3140 1017 3199 illata
1040 3140 1100 3198 boc
1125 3138 1283 3209 effecisse,

119 3250 154 3301 ut
178 3245 279 3311 lraec,
312 3251 449 3316 quaeat
476 3243 506 3301 iu
532 3243 677 3303 omnibus
698 3242 761 3314 jam
786 3243 876 3301 libris
900 3243 1056 3302 cernimus
1086 3249 1115 3300 et
1147 3243 1284 3319 scriptor

117 3346 230 3423 Epigr.
264 3348 355 3404 Antii.
380 3348 443 3406 Lat.
472 3346 503 3405 V.
536 3347 609 3415 219,
637 3348 673 3406 10
706 3345 756 3427 (ll.
787 3347 893 3420 11250
925 3343 1072 3427 Meyer.):
1103 3344 1142 3404 ad
1172 3347 1283 3406 danius

121 3449 228 3508 trabat
259 3447 384 3507 invidas
415 3450 553 3518 Averni,
591 3449 763 3508 Fabulas
792 3463 929 3507 manes
963 3447 1018 3505 ubi
1050 3462 1099 3506 res
1129 3456 1284 3508 coercet“

120 3557 284 3611 mutuatus
310 3555 375 3609 est:
411 3551 620 3626 tabulaeque
649 3551 785 3611 ltlaucs
821 3550 858 3610 Et
888 3549 999 3609 domus
1035 3585 1069 3593 -
1099 3551 1283 3620 Plutonia“‚

120 3672 180 3729 pro
213 3654 255 3712 iis
287 3661 506 3728 erumperent,
542 3670 624 3728 quae
655 3654 725 3730 ipse
756 3653 904 3713 Horatius
935 3651 965 3711 in
989 3653 1070 3712 hanc
1094 3655 1283 3714 seutentiam

120 3757 245 3832 scripta
276 3757 479 3830 reliquisset:
511 3756 681 3831 aliquando
713 3763 762 3825 te,
796 3758 890 3833 beate
913 3754 1019 3825 Sexti,
1054 3775 1117 3816 nox
1147 3761 1283 3833 premet:

122 3875 229 3934 neque
256 3859 340 3918 enim
364 3861 493 3918 umbrae
517 3859 644 3918 11111116
669 3866 740 3918 sunt
765 3866 795 3918 et
821 3858 915 3918 exilis
940 3864 1035 3933 atque
1060 3858 1152 3935 inops
1175 3855 1282 3916 convi-

122 3963 252 4038 viisque
283 3979 382 4021 11111
411 3968 461 4020 est
491 3962 602 4021 domus
633 3959 807 4021 Plutonia“
840 3960 910 4021 sive
941 3960 1224 4021 libet.Juvenalenr
1248 3956 1283 4016 ll.

124 4067 201 4124 tta:
228 4063 306 4123 Sunt
331 4063 454 4137 aliquid
478 4064 616 4123 Manes
641 4072 678 4123 ct
702 4067 970 4126 subterranea
992 4070 1143 4138 regna“
1167 4058 1283 4141 (Bnrm.

118 4168 213 4243 Prop.
239 4165 288 4224 IV.
314 4169 343 4235 i,
373 4168 381 4223 1
424 4186 451 4241 p.
477 4164 553 4247 827)
584 4168 715 4243 propius
745 4166 853 4242 sequi:
892 4166 1016 4225 tabulae
1053 4167 1123 4222 sunt
1154 4178 1285 4237 neque

117 4272 288 4330 umbrae
314 4285 385 4328 uec
411 4269 507 4330 exilis
533 4271 588 4328 illa
610 4271 752 4330 Plutonis
776 4270 902 4327 domus:
