2806 4866
678 368 738 442 151

614 576 809 713 rxrvru.

214 751 333 811 Versus
357 750 405 811 111.
429 751 459 823 2,
493 752 529 812 11
553 768 616 828 sq.,
652 767 732 827 quos
768 753 816 812 sio
850 759 978 829 praeter
1012 751 1096 815 alios
1131 754 1286 822 Lehrsiua

145 877 165 936 p.
186 858 222 918 10
245 870 292 930 sq.
315 851 502 929 descripsit:

297 955 402 1018 Mors
426 961 464 1016 et
486 955 670 1033 fugacem
691 957 958 1033 persequitur
980 958 1126 1028 virum,

360 1058 438 1120 Neo
460 1060 595 1135 parcit
617 1059 801 1120 imbellis
822 1058 1020 1131 juventae

400 1161 636 1238 Poplitibus
659 1162 890 1238 timidoque
911 1166 1047 1240 tergo,

140 1271 267 1344 praestat
290 1264 439 1343 conjungi
462 1265 494 1325 in
517 1266 598 1328 hano
620 1265 827 1328 sententiam:
851 1267 962 1338 „Mors
986 1266 1131 1344 fugacem
1154 1279 1283 1340 quoque

140 1369 227 1430 vimm
240 1368 443 1445 persequitur
465 1387 541 1429 non
564 1385 736 1445 parcens
759 1369 870 1431 timido
893 1376 1012 1446 tergo“
1036 1369 1121 1428 sive:
1145 1372 1281 1428 merset

139 1471 329 1547 persequitur
355 1476 386 1530 et
409 1472 681 1547 consequitur·
710 1471 877 1542 timidos“‚
906 1471 990 1548 quod
1019 1471 1124 1547 ipsum
1152 1471 1280 1531 verbum

140 1574 252 1635 Curtius
264 1574 314 1633 lv.
328 1576 366 1635 55
381 1574 506 1651 posuit:
531 1575 766 1637 timidissimum
796 1590 954 1652 quemque
979 1572 1278 1648 consequitur“

140 1682 163 1735 et
182 1675 221 1737 de
242 1693 304 1752 quo
319 1695 381 1738 non
396 1679 653 1741 commemoravit
666 1677 829 1750 Bentlejus
852 1675 905 1761 (cf.
918 1678 1009 1755 Valg.
1032 1694 1063 1753 p.
1078 1674 1166 1759 398),
1189 1676 1276 1737 Brito

138 1779 261 1857 Philipp.
277 1780 312 1839 V.
339 1780 416 1841 ios:
440 1781 550 1842 mortis
573 1780 760 1851 tormidine,
784 1799 866 1858 quae
889 1783 1101 1859 fugientes
1125 1778 1278 1838 Conse-

140 1883 298 1956 quitum
332 1882 370 1942 Et
391 1881 432 1942 de
454 1884 515 1943 hoo
539 1883 665 1958 quidem
688 1884 760 1944 loeo
784 1884 849 1953 sio,
872 1890 907 1945 ut
930 1884 1093 1952 volumus,
1116 1879 1278 1955 descripto

140 1984 220 2045 video
243 1984 328 2045 idem
351 1985 471 2046 sentire
493 1984 681 2062 Hauptium3
711 2003 821 2047 verum
843 1987 875 2047 in
898 1985 963 2049 alia
985 1982 1090 2046 omnia
1112 1981 1277 2042 disceden-

140 2085 198 2148 dum
219 2093 294 2164 puto
318 2087 358 2146 de
381 2102 477 2148 versu
498 2087 596 2161 Epod.
622 2087 655 2147 V.
680 2089 719 2150 87
730 2109 737 2150 ι

250 2189 418 2250 Venena
440 2208 575 2271 magnum
597 2191 661 2252 fas
685 2193 899 2268 nefasque,
922 2208 998 2252 non
1022 2188 1163 2249 valent

314 2292 569 2353 Convertere
591 2294 797 2355 humanam
820 2295 967 2364 vicem,

139 2395 179 2465 oui
199 2409 303 2472 neque
324 2396 364 2456 ab
388 2393 446 2466 iis,
471 2393 551 2471 quos
573 2394 737 2468 Benttejus
760 2395 952 2465 nominavit,
977 2410 1123 2471 nequeo
1146 2394 1275 2455 Berthio

139 2494 200 2558 sm.
224 2499 320 2559 Theb.
337 2496 386 2556 IV.
408 2497 469 2572 620
499 2517 529 2575 p.
551 2499 715 2560 tironus
743 2500 857 2561 tevero
887 2501 1001 2571 Lucan.
1014 2496 1064 2558 111.
1081 2496 1141 2558 621
1171 2497 1275 2573 ntes

138 2600 202 2660 satis
237 2600 397 2676 explicato
426 2600 597 2676 Hauptium
632 2603 692 2663 hac
728 2601 968 2664 emendatione:
1006 2600 1139 2661 Venena
1169 2615 1277 2677 maga

137 2716 200 2763 nou
228 2703 289 2770 ias
306 2702 478 2778 nefasque,
510 2723 572 2766 non
602 2706 709 2767 valent
732 2707 926 2766 Convertere
957 2705 1122 2765 humanam
1146 2703 1277 2763 vicem“

136 2802 222 2866 lucem
253 2803 406 2866 effudisse
434 2812 663 2868 consenserunt
685 2807 867 2868 Meinelrius
888 2806 1117 2882 Lehrsiusque.
1167 2806 1277 2864 imme-
1365 2870 1371 2879 ,

135 2905 199 2967 rito:
223 2921 359 2982 namque
382 2913 415 2966 et
437 2905 560 2969 minore
584 2923 682 2983 opera
705 2914 737 2967 et
760 2909 897 2969 certiore
917 2908 1053 2969 consilio
1068 2905 1182 2966 videor
1195 2906 1277 2966 hano

134 3009 312 3071 sententiam
336 3016 536 3072 consectatus
563 3026 651 3070 esse:
675 3055 695 3080 „
703 3024 831 3086 megae,
855 3025 950 3085 quum
972 3005 1162 3085 gravissimo
1181 3020 1276 3080 quae-

133 3127 184 3186 que
206 3111 333 3188 possint
356 3111 485 3173 efficere
510 3110 750 3194 (potentissime
773 3111 858 3188 epim
881 3126 1005 3172 venena
1029 3113 1101 3168 sunt
1124 3105 1277 3167 adversus

131 3211 168 3275 tas
191 3215 345 3290 nefasque
368 3213 401 3274 id
424 3221 473 3275 est
496 3215 632 3277 maxima
656 3231 766 3277 eorum
790 3216 839 3276 vis
863 3215 929 3286 est,
953 3228 1035 3290 quae
1054 3215 1086 3272 et
1104 3208 1276 3282 injuriosos

129 3316 233 3380 merita
265 3332 370 3394 poena
411 3316 563 3379 interimit
599 3325 630 3378 et
665 3319 868 3379 immerentes
902 3315 1026 3377 nefarie
1059 3309 1174 3395 tollit),
1216 3313 1277 3373 hoo

116 3437 214 3482 unum
244 3426 408 3495 nequeunt
438 3420 584 3492 efficere,
612 3426 647 3480 ut
671 3438 765 3497 quum
794 3421 887 3496 ipsae
908 3417 1055 3478 homiues
1078 3415 1158 3486 sint,
1182 3431 1276 3493 supe-

126 3523 222 3584 riores
244 3528 350 3592 tarnen
374 3523 519 3584 humanis
543 3524 606 3585 sint
624 3524 759 3584 viribus.
797 3521 881 3593 Quos
897 3521 986 3582 vices
1002 3519 1074 3595 ipse
1090 3518 1154 3592 jam
1171 3519 1275 3580 conoi-

125 3629 241 3687 teturus
278 3642 314 3685 ae
350 3631 576 3702 properatums
613 3625 697 3687 diras
733 3625 960 3701 imprecabor.“
1013 3622 1124 3698 itaque
1152 3635 1277 3709 venene

124 3726 205 3789 dicta
228 3742 302 3791 esse
326 3727 461 3788 arbitror
485 3744 609 3805 magna
632 3728 671 3788 in
692 3727 739 3789 fas
762 3727 936 3802 nefasque,
959 3732 994 3786 ut
1009 3742 1028 3786 a
1041 3723 1122 3785 Silio
1136 3723 1198 3781 iili.
1213 3722 1274 3783 191

124 3831 235 3909 piger
258 3829 297 3890 in
312 3829 451 3890 Martem.
466 3829 596 3890 Valerio
608 3829 719 3891 Flacco
734 3828 756 3888 1.
776 3831 831 3890 17:
856 3827 1083 3889 in—carinas
1103 3824 1273 3887 Certior,

124 3922 282 3995 Cicerone
305 3931 363 4009 Ep.
377 3930 425 3994 IV.
442 3933 471 4003 3,
486 3933 520 3991 3:
544 3930 589 4015 ad
611 3931 762 3993 levandas
784 3932 949 3993 molestias
971 3944 1124 4005 magna:
1169 3946 1192 4011 3..j.

229 4033 408 4105 Venena,
432 4050 562 4113 magn
582 4034 613 4097 1ι
636 4036 696 4096 tas
719 4035 936 4111 nefasque,
959 4016 1205 4093 nonval‘e'i'rt'

334 4137 587 4198 Convertere
610 4140 811 4200 humanam
835 4137 972 4196 vicem.

124 4236 187 4309 Quo
211 4239 326 4300 eodem
347 4238 443 4326 modo
464 4256 483 4300 a
504 4239 720 4315 Propertio
740 4238 790 4299 ru.
809 4238 858 4307 le,
878 4235 916 4295 ³1
946 4230 1012 4315 (IV.
1038 4234 1086 4304 le,
1109 4233 1171 4312 33).
1192 4234 1274 4295 haee

125 4342 238 4418 scripta
261 4357 352 4401 esse:
375 4339 443 4413 Qua
465 4339 612 4404 Siculae
635 4347 698 4401 est
719 4340 822 4401 vietor
843 4336 968 4398 telluris
984 4336 1133 4399 Claudius
1157 4343 1188 4396 et
1210 4350 1272 4415 qua
