2806 4866
601 300 643 370 45

34 476 216 538 centimani
240 473 351 550 Gyae
373 475 535 536 mentione
558 473 701 551 pluribus
726 473 878 549 expedire
904 481 935 534 et
956 474 1075 546 jactare
1099 478 1199 538 Gratii

29 584 112 656 Cyn.
142 594 269 638 versum
294 580 349 637 or:
390 582 539 636 matres
569 577 639 637 ausi
674 581 856 636 tractare
886 577 1045 638 deorurn“
1079 577 1200 661 (Heius.

27 684 115 744 Ado.
144 680 178 740 u.
205 682 222 738 2
254 698 283 755 p.
302 677 398 764 212),
434 695 473 739 ex
506 696 568 754 quo
600 679 747 739 videatur
777 677 1016 755 Peerlkampins
1050 679 1200 760 (tortasse

29 790 207 847 immemor
231 781 327 843 Statii
351 783 449 842 Theb.
476 782 525 841 xl.
553 784 608 842 12:
638 782 877 865 temerator)
912 785 1056 858 potuisse
1080 785 1201 859 aliquid

33 870 200 964 suspicari
223 887 263 945 de
288 884 406 945 Orione
429 885 551 946 Dianae
575 891 816 945 tractatore.

546 1084 697 1182 llllVll.

122 1261 242 1324 Eadem
268 1259 456 1319 emendandi
480 1259 561 1319 ratio
585 1259 712 1319 videtur
735 1261 945 1338 ingrediendo
964 1279 1056 1333 esse,
1081 1264 1200 1338 quode

30 1367 180 1426 carmine
210 1363 258 1421 lV.
292 1363 341 1430 14,
373 1364 390 1420 l
436 1362 566 1422 tollatur
599 1379 660 1422 vox
696 1380 758 1422 nou
794 1365 898 1424 minus
933 1365 973 1424 ad
1008 1368 1198 1426 sententiam

31 1469 172 1545 ignava,
206 1483 297 1540 qumn
328 1481 441 1525 versus
470 1465 608 1524 nurneris
638 1465 790 1526 damnosa
826 1469 958 1545 (rectius
989 1469 1072 1527 enim
1102 1471 1200 1530 sentit

30 1571 191 1632 Lehrsius
218 1588 245 1645 p.
270 1567 549 1641 ennumquam
574 1567 726 1627 Frankius
749 1569 829 1628 Fast.
857 1569 961 1629 Horat.
986 1588 1015 1647 p.
1043 1570 1133 1652 llll:

295 1686 548 1761 Spectandus
573 1686 609 1745 iu
634 1687 792 1751 certamine
816 1687 962 1750 Martio

297 1789 455 1848 Devota
477 1788 594 1848 morti
620 1796 793 1862 pectora
816 1789 978 1849 liberae

360 1890 530 1959 erantis
554 1889 753 1966 fatigaret
777 1891 926 1950 ruinis.

34 2010 202 2088 Expedita
223 2011 309 2072 enini
328 2010 510 2081 conjectura
533 2009 676 2069 ducimur
698 2010 737 2070 ad
759 2009 984 2086 suspicandum
1007 2029 1025 2071 a
1047 2029 1198 2090 gramina-

37 2115 117 2174 ticis
148 2113 230 2189 quod
257 2121 344 2173 esset
378 2114 555 2189 vulgatius:
593 2118 798 2173 certamen
831 2113 931 2193 (Virg.
955 2118 1032 2175 Aeu.
1057 2115 1120 2176 llll.
1147 2119 1198 2187 73,

34 2220 111 2279 790.
159 2216 343 2276 aviditer.
371 2217 443 2275 Vlll.
468 2218 524 2275 20:
561 2215 657 2292 rigidi
681 2218 1098 2279 certaruinaMartis.“
1144 2220 1197 2283 Sil.

29 2322 82 2382 IX.
114 2321 192 2381 136:
215 2320 388 2393 Poenoque
410 2325 505 2394 negat
529 2319 754 2378 certamino
777 2319 947 2380 Martis“
973 2322 1009 2380 cl.
1032 2324 1109 2382 370:
1134 2340 1197 2383 rne-

28 2426 108 2486 diae
141 2426 316 2483 certamine
340 2431 498 2498 pugnae.“
541 2421 573 2478 V.
600 2421 668 2481 514.
714 2419 800 2497 Virg.
824 2424 901 2481 Aen.
927 2423 961 2486 ll.
990 2424 1049 2482 146
1074 2432 1105 2484 et
1131 2426 1197 2486 Val.

31 2529 135 2587 Flacc.
159 2526 209 2585 Vl.
236 2526 312 2586 576:
343 2524 574 2584 certamina
603 2523 740 2582 balli.“
785 2523 899 2600 Wopk.
923 2525 1034 2585 lustin.
1058 2527 1078 2585 l.
1104 2529 1132 2596 3,
1161 2530 1195 2588 11

37 2649 68 2706 p.
83 2631 137 2704 22)
162 2628 402 2704 interpretando
417 2628 538 2688 nomini
562 2629 723 2688 turbine
746 2628 938 2704 adscriptum
952 2630 1052 2688 luisse
1073 2627 1197 2712 (Heius

34 2733 115 2799 Ado.
141 2732 192 2790 IV.
220 2737 236 2791 5
263 2750 291 2807 p.
308 2733 379 2790 602.
425 2729 480 2790 Sil.
507 2729 540 2788 ll.
567 2730 601 2788 4;
626 2748 705 2805 quos
729 2732 895 2790 turbine
919 2731 1061 2793 Martis
1084 2736 1197 2795 Abstu-

31 2836 70 2896 lit
94 2854 161 2897 una
184 2836 288 2895 dies.“
332 2835 380 2893 lll.
407 2835 483 2894 101:
517 2836 655 2894 Confusc
679 2836 773 2894 nimis
798 2835 967 2893 Gradivi
998 2840 1197 2898 turbine.‘·

31 2941 68 3002 V.
95 2941 177 3000 350:
210 2939 288 2999 tutis
311 2955 330 2997 a
354 2936 514 2997 turbine
538 2953 697 3013 pugnae
722 2937 894 2996 Constituit
918 2939 1058 2997 castris“
1089 2940 1126 2998 cl.
1147 2941 1196 3000 lV.

31 3046 111 3104 230:
151 3043 277 3102 medius
310 3078 348 3086 --
379 3058 536 3118 pugnae
570 3047 661 3100 rocat
695 3039 821 3116 agmina
851 3047 1005 3100 vortex.
1053 3041 1100 3100 xl.
1127 3045 1196 3103 523.

34 3145 200 3206 Claudiam
218 3144 267 3204 lll.
284 3147 313 3205 C.
332 3145 409 3205 Hon.
428 3147 466 3205 36
492 3146 605 3204 Onon:
630 3146 797 3206 turbine
820 3144 926 3203 belli
950 3145 1196 3223 cl.Sen.Aga1n.

35 3253 112 3311 rar:
147 3264 277 3307 rerum
310 3246 463 3331 turbo),
500 3248 532 3306 id
560 3248 665 3322 ipsum
696 3255 801 3308 autem
833 3248 966 3308 subinde
997 3249 1027 3308 in
1059 3250 1196 3310 inedium

33 3367 164 3412 versum
194 3351 314 3410 illatum
345 3351 529 3410 abolevisse
553 3365 665 3409 vocem
694 3349 838 3424 proxime
868 3351 1085 3425 superiorem,
1117 3369 1197 3426 quae

36 3471 104 3512 cum
129 3453 247 3513 litteris
272 3453 309 3512 in
334 3469 400 3512 cer
425 3450 548 3536 (parurn
565 3453 651 3510 enim
670 3451 799 3511 differre
823 3453 911 3511 irae
934 3452 1027 3512 docet
1051 3455 1197 3529 frequen·

35 3557 161 3616 tissima
192 3556 367 3615 lit-terarum
398 3572 441 3615 ce
464 3562 527 3615 eta
555 3555 591 3613 cf.
615 3555 642 3610 V
675 3562 706 3613 et
737 3572 849 3615 vocum
879 3556 1010 3615 minae
1041 3564 1071 3615 et
1107 3558 1196 3617 irae

33 3658 129 3720 Drak.
155 3659 221 3719 Lin.
246 3658 294 3718 lli.
319 3664 348 3728 l,
375 3662 391 3718 3
423 3679 451 3736 p.
471 3658 509 3719 58
534 3657 726 3732 permutatio
759 3659 795 3716 cl.
821 3658 982 3718 Claudiam
998 3659 1032 3718 R.
1050 3660 1196 3719 Proslll.

35 3763 96 3821 266
121 3763 228 3821 iram.
244 3761 351 3822 lloret.
377 3781 421 3838 pr.
448 3759 556 3840 inde)
582 3779 642 3818 non
668 3761 736 3835 plus
761 3761 975 3836 discreparet,
1001 3779 1093 3836 quam
1117 3769 1196 3820 tur-

35 3865 129 3923 bine
160 3864 212 3922 vel
251 3865 428 3924 turmine
458 3864 555 3924 Drak.
586 3862 640 3921 Sil.
667 3863 714 3921 lll.
740 3865 799 3922 ‘tlt
831 3843 859 3939 p.
879 3866 939 3923 264
972 3882 1040 3923 cum
1069 3863 1196 3946 (cer)-

35 3967 205 4025 tamine:

252 4069 510 4145 spectandus
534 4068 595 4132 irae
620 4070 656 4129 in
682 4070 843 4130 turbine
866 4068 1019 4129 lllartio.

33 4173 147 4248 ltaque
171 4174 268 4232 talem
291 4173 369 4233 dicit
392 4172 543 4233 Horatius
569 4174 744 4242 Neronem,
777 4173 902 4246 qualem
926 4171 1073 4230 Labicum
1098 4169 1197 4229 Silius

32 4276 67 4336 V.
95 4278 174 4335 569:
205 4277 417 4336 uiridissinms
442 4278 556 4336 irue“
590 4275 641 4358 (cl,
667 4278 714 4334 Vl.
741 4278 816 4334 bil:
854 4272 1050 4331 reiterandus
1076 4273 1195 4352 irae).
