2806 4866
46 519 104 591 ipse
137 512 358 587 interponeret
388 496 459 572 sive
489 514 710 590 grammaticus
745 515 862 591 aliquis
893 519 974 577 male
1004 521 1192 599 ingeniosus

47 619 105 678 sire
132 599 197 673 iste
228 613 355 684 rhetor,
387 629 482 688 quem
512 616 618 677 animo
645 617 827 679 informavit
856 620 1017 681 Lehrsius.
1070 624 1192 695 Quanto

46 720 132 798 igitur
161 716 287 777 cautius
323 721 420 792 atque
455 719 635 780 accuratius
666 721 698 781 in
727 721 916 784 difficillima
944 741 1057 786 caussa
1086 743 1193 790 versa·

44 828 92 882 tus
111 826 157 880 est
179 811 375 888 Gessnerus‚
404 820 459 894 qui
478 820 612 882 Domitii
634 821 730 883 Marsi
752 839 867 898 poema
890 827 1115 888 Anrazonidem
1138 829 1199 904 hic

48 921 210 1003 perstringi
224 920 428 998 significavit.
460 921 622 983 Adversus
645 940 738 1000 quem
753 925 995 1001 ileynemannus
1018 927 1064 989 ita
1086 929 1193 1006 dispu-

10 1044 23 1053 ··
45 1013 101 1096 iul,
134 1030 168 1084 ut
198 1021 283 1099 quod
312 1021 361 1083 illi
391 1041 454 1084 non
483 1024 656 1098 permittit,
695 1026 756 1087 sibi
792 1032 896 1088 tamen
932 1028 997 1104 ipsi
1032 1032 1194 1104 permittat

10 1139 15 1177 ῑ·
46 1124 274 1204 praejudicatae
297 1125 445 1202 opinioni
474 1125 635 1188 addictus:
667 1126 777 1198 „unde
799 1128 941 1200 tandem,
972 1131 1075 1207 inquit
1097 1151 1127 1209 p.
1142 1116 1198 1206 35,'

10 1290 12 1316 ἱ
46 1222 137 1291 totum
171 1226 257 1287 istud
294 1228 402 1289 hausit
432 1227 628 1310 Gessnerus,
668 1230 701 1290 in
738 1231 933 1293 Amazonide
968 1231 1063 1294 Marsi
1096 1238 1191 1297 ullam

17 1394 25 1405 ,
46 1328 139 1390 {uisse
155 1329 350 1390 mentionem
372 1328 634 1392 vindelicorum?
648 1365 689 1375 -
707 1331 911 1394 Videntur
934 1340 1037 1395 autern
1049 1336 1192 1399 Vindeli-

10 1442 17 1489 ἰ
47 1448 145 1492 eorum
174 1446 305 1491 secures
335 1437 449 1508 utpote
478 1432 640 1510 singulare
671 1433 819 1510 quiddam
848 1441 880 1494 et
901 1439 1125 1510 memorabile,
1158 1448 1194 1501 ut

49 1535 166 1595 omnino
189 1532 284 1605 hujus
306 1534 413 1611 gentis
432 1551 537 1596 mores
552 1542 648 1613 atque
665 1535 808 1615 origines
831 1544 979 1615 gratam
1003 1556 1193 1616 gramma-

10 1618 12 1627 ’
56 1635 143 1696 ticis
165 1634 409 1713 disputandi
432 1636 639 1699 materiam
662 1645 736 1713 post
758 1640 877 1699 bellum
899 1641 994 1702 Drusi
1018 1649 1051 1702 et
1074 1643 1194 1705 Tiberii

21 1746 25 1821 J
59 1738 331 1814 suppeditavisse&
351 1738 425 1799 hinc
455 1744 486 1798 et
517 1740 658 1816 spurium
687 1740 836 1801 carminis
864 1744 999 1803 nostri
1032 1762 1194 1806 ornamen-

58 1845 109 1900 tum
134 1841 225 1901 fluxit
261 1847 292 1900 et
322 1839 426 1901 Servii
456 1841 653 1902 adnotatio.“
707 1842 855 1901 Ceterum
886 1861 944 1903 nos
975 1847 1040 1921 ipsi
1069 1854 1103 1906 ut
1133 1849 1195 1908 Do-

37 1942 123 2002 'uitii
144 1932 241 2013 Marsi
264 1941 457 2001 mentionem
479 1941 699 2002 dimittendam
723 1956 796 2001 esse
820 1957 987 2004 censemus
1011 1952 1194 2021 propterea,

147 2041 374 2102 Amazonidem
402 2060 464 2103 non
487 2042 596 2119 gravi,
627 2043 685 2103 sed
716 2047 827 2104 tenero
858 2050 957 2106 metro
988 2049 1197 2123 compositam

107 2160 151 2204 se·
171 2142 336 2205 docuimus
366 2144 397 2205 in
422 2144 599 2206 Corollario
628 2144 667 2206 ad
696 2147 930 2208 Leusclrnerum
961 2148 1059 2211 misso
1090 2151 1195 2228 Progr.

41 2242 152 2307 -lriedl
169 2246 323 2308 18582111.
347 2266 376 2325 p.
390 2248 420 2319 7,
444 2248 489 2308 ita
511 2247 605 2308 lacile
628 2248 832 2309 concedimus
856 2266 945 2320 eum,
970 2253 1024 2326 qui
1037 2251 1197 2314 Gessnero

58 2344 164 2418 ,areat
188 2364 284 2424 posse
307 2348 466 2426 suspicari
489 2349 610 2424 aliquid
633 2349 673 2409 de
698 2350 802 2410 Hostii
825 2351 911 2412 bello
936 2351 1047 2412 Istrico
1070 2355 1140 2423 vel,
1166 2353 1199 2413 id

64 2450 129 2523 quod
156 2450 354 2528 probabilius
385 2451 544 2521 ducimus,
575 2452 616 2511 de
638 2452 724 2513 Furii
752 2453 891 2540 Antiatis
913 2453 1089 2513 Annalibus
1122 2455 1199 2515 belli

65 2549 159 2614 Gallici
189 2551 293 2637 (Valg.
320 2572 349 2631 p.
374 2551 460 2635 tte).
512 2554 577 2614 Sed
605 2575 667 2617 non
692 2551 790 2619 'modo
815 2556 937 2616 lubrica
959 2557 1096 2617 fortasse
1119 2559 1200 2618 haee·

65 2660 140 2730 atque
161 2649 347 2734 ambagiosa
367 2654 560 2727 judicabitur·
583 2673 657 2718 esse
686 2657 895 2730 conjectatio,
923 2674 1033 2719 verum
1056 2675 1084 2720 a‘
1097 2659 1199 2737 gravi

65 2759 115 2816 late
135 2758 281 2834 caruninis
298 2757 395 2819 Drusi
418 2756 564 2819 laudibus
587 2758 744 2830 dedicati,
769 2760 801 2820 id
825 2760 910 2834 quod
935 2759 1072 2820 diximus
1086 2762 1202 2822 Coroll.

67 2853 113 2916 ld.
133 2879 161 2937 p.
179 2862 196 2921 'l
212 2879 277 2937 sq.,
308 2860 436 2921 omnino
467 2861 791 2922 abhorrere-videtur
820 2859 977 2930 ejusmodi
1007 2861 1201 2938 significatio

68 2961 105 3019 rel
124 2960 352 3039 reprehensio,
385 2964 510 3037 qualem
544 2962 722 3023 Gessnerus
752 2962 851 3022 finxit.
905 2960 1008 3031 Quare
1037 2963 1118 3021 rualo
1148 2960 1201 3041 (ab

69 3073 96 3120 ca
119 3051 366 3125 sententia‘non
396 3064 524 3126 omnino
553 3065 746 3134 abhorrens,
775 3062 1106 3140 quarn-spernendam
1130 3078 1204 3121 esse

68 3165 182 3227 credidit
201 3165 538 3243 eliislleynemaunus
561 3186 593 3244 p.
607 3165 661 3246 at)
684 3167 731 3226 sic
754 3152 910 3226 statuere:
934 3164 1098 3226 Horatium
1120 3164 1205 3226 nulla

68 3269 274 3349 „recordatum
297 3276 439 3329 veterum
461 3277 663 3329 monumenta
678 3269 847 3329 virorum“
872 3269 1064 3329 Amazoniae
1082 3268 1204 3328 securis

10 3421 11 3426 ,
66 3364 160 3432 lamam
184 3371 360 3432 contulisse
384 3371 416 3431 in
441 3369 598 3445 quoddam
623 3370 715 3446 quasi
738 3369 954 3430 testimonium
977 3369 1081 3439 illius,
1113 3387 1205 3446 quam

66 3467 181 3534 Romani
219 3473 306 3534 bello
343 3473 468 3550 experti
506 3480 632 3545 essent,
668 3473 864 3534 fortitudinis
892 3471 1052 3548 Drusique
1081 3473 1205 3533 meritis

64 3572 226 3636 illustriore
264 3575 505 3652 praedicatione
539 3574 799 3635 circumferendis
838 3576 883 3636 ita
918 3577 1136 3646 consuluisse,
1172 3580 1206 3633 ut

10 3662 14 3725 ἶ“
62 3691 129 3750 quas
151 3684 297 3738 cateruas
326 3677 394 3738 diu
423 3678 594 3752 lateque
624 3677 827 3738 victrices
858 3678 1031 3737 acerrimus
1054 3678 1117 3736 dux
1139 3683 1206 3735 tan-

58 3778 121 3840 dem
140 3779 347 3856 refregisset,
371 3795 427 3840 eas
450 3782 487 3841 ab
508 3780 588 3857 ipsis
601 3777 815 3840 Amazonibus
830 3778 987 3856 originem
1002 3779 1134 3838 duxisse
1151 3779 1207 3836 fin-

56 3887 141 3958 geret
163 3888 198 3942 et
221 3896 280 3951 eo,
311 3897 373 3956 quo
397 3859 572 3952 cernimus,
602 3880 697 3943 modo
721 3881 926 3959 significaret.
971 3879 1057 3949 Quae
1080 3878 1208 3953 quidem

53 3983 195 4062 suspicio
214 3999 331 4044 nonne
360 3984 421 4044 hoc
450 3984 546 4046 habet
583 3983 761 4061 argumenti
789 3990 842 4045 aut
876 3980 1027 4049 rationis,
1063 3979 1148 4053 quod
1177 3978 1209 4036 e't

52 4086 154 4158 „Sim
177 4086 295 4162 quibus
313 4086 418 4163 pelles
436 4085 570 4147 terarum
594 4104 650 4163 pro
675 4092 783 4156 veste,
807 4087 916 4146 clavae
939 4100 996 4159 pro
1019 4082 1085 4141 telo
1111 4086 1210 4148 erant,

49 4187 191 4260 majores
220 4203 296 4249 suos
320 4187 361 4248 de
384 4189 529 4248 exercitu
551 4188 697 4249 Herculis
728 4203 801 4247 esse
825 4189 1029 4246 memorant“
1053 4181 1209 4262 (Curtill.

52 4293 104 4364 ll,
120 4293 166 4376 2)
180 4296 230 4361 et,
254 4306 295 4351 ne
317 4291 357 4351 ad
380 4291 444 4351 alia
466 4293 587 4360 abeam,
610 4289 693 4365 qriae
717 4294 836 4348 restant
859 4285 1011 4361 plurimu,
1035 4285 1210 4361 Tirynthiis

1006 4387 1056 4450 ἵ*
1123 4386 1126 4392 ’
1160 4413 1162 4419 2
